2028 3533
903 364 1187 401 -20-

275 486 329 536 (p.
363 483 444 535 23).
491 482 747 534 epigramma
776 478 866 518 VH
898 481 981 518 720
1012 478 1104 530 (76)
1151 491 1242 517 cum
1290 476 1439 517 eodem
1485 478 1670 517 carmine
1716 490 1827 517 com·

274 552 506 606 parandum
555 564 635 591 non
683 563 772 590 esse
814 547 863 589 G.
905 549 1160 600 argumentis
1206 549 1288 587 iam
1335 546 1607 589 confirmavit.
1677 546 1828 600 Itaque

275 622 580 664 Callimachum
605 619 823 660 Leonidae
859 619 1094 671 exemplum
1130 618 1258 658 fuisse
1294 618 1449 658 nullum
1484 619 1523 657 in
1559 617 1731 658 modum
1760 632 1828 658 ex-

273 695 420 746 plicari
443 698 601 745 potest,
624 697 772 730 contra
788 683 1030 743 Cyrenaeus
1048 687 1284 729 Leonidam
1306 689 1347 728 in
1369 687 1624 728 carminibus
1645 687 1715 728 IX
1733 691 1829 740 507,

276 764 365 803 VH
389 766 471 804 415
497 764 616 816 (318)
650 773 847 813 superare
881 759 1052 800 studuit.

622 890 644 945 ξ
680 892 715 930 3.
778 889 851 929 De
884 891 1082 930 ratione
1115 889 1488 942 philosophica.

392 973 617 1015 Dedicatio
664 973 705 1012 in
752 971 971 1012 Leonidae
1018 973 1201 1012 carmine
1231 971 1521 1025 &1⁷1293(33)
1569 970 1621 1011 ad
1667 984 1830 1024 pannos

276 1047 442 1097 attinet,
488 1058 591 1097 quos
637 1056 741 1096 puer
786 1050 949 1082 amatus
996 1040 1196 1083 Socharis
1241 1043 1317 1082 viri
1364 1041 1511 1094 Cynici
1542 1041 1700 1082 Veneri
1747 1041 1830 1084 dat.

275 1117 434 1158 Poema
467 1115 549 1155 duo
589 1115 784 1154 acumina
824 1112 978 1153 habere
1015 1111 1064 1154 G.
1100 1112 1241 1165 docet,
1280 1126 1441 1165 pauper
1479 1113 1541 1152 vir
1574 1110 1756 1166 Cynicus
1790 1118 1833 1153 et

274 1188 423 1241 pannis
457 1187 643 1239 privatus
678 1190 741 1225 est
765 1185 816 1238 (v.
844 1186 962 1235 1—4)
998 1191 1039 1224 et
1070 1185 1109 1224 in
1147 1190 1337 1236 stuprum
1370 1183 1535 1223 illectus
1566 1189 1629 1223 est
1653 1183 1704 1235 (v.
1729 1184 1830 1223 5—6

275 1259 326 1299 cf.
359 1258 562 1310 imprimis
596 1255 769 1296 verbum
803 1256 1033 1309 ἤγρευσεν).
1098 1253 1292 1308 Quocum
1327 1255 1628 1306 epigrammate
1663 1267 1828 1294 carmen

275 1329 341 1369 VI
378 1331 460 1369 298
495 1328 585 1381 (88)
633 1325 965 1379 comparandum
1012 1331 1090 1377 est,
1143 1325 1213 1366 ubi
1264 1325 1398 1366 fames
1450 1332 1598 1365 tenues
1645 1325 1832 1365 sarcinas

276 1400 474 1442 Socharis
498 1398 688 1451 virgultis
719 1397 949 1450 suspendit.
1005 1396 1235 1439 Socharem
1259 1397 1300 1436 in
1324 1396 1513 1448 virgultis
1536 1395 1649 1435 fame
1671 1396 1831 1448 perisse

276 1478 316 1512 et
359 1472 561 1511 viatorem
609 1469 809 1521 aliquem,
856 1470 926 1521 qui
959 1474 1169 1508 mortuum
1205 1467 1408 1520 sepelivit,
1448 1466 1632 1519 (proprie
1671 1465 1831 1520 famen)

274 1550 410 1583 vestes
440 1556 460 1581 e
487 1541 677 1593 virgultis
712 1539 981 1593 suspendisse
1014 1540 1076 1579 vir
1109 1538 1258 1579 doctus
1285 1536 1447 1579 Jacobs
1481 1544 1593 1577 recte
1627 1537 1832 1590 exposuit.

274 1614 356 1654 llla
394 1613 605 1653 sententia
642 1617 829 1652 extremo
869 1612 909 1650 in
943 1609 1210 1650 hemistichio
1251 1609 1459 1653 collocata
1496 1613 1623 1660 poeta
1657 1621 1728 1647 eos
1762 1608 1832 1660 qui

274 1685 418 1737 legunt
451 1684 636 1723 intentos
672 1681 811 1733 habet,
848 1696 941 1722 cum
979 1694 1049 1721 eos
1086 1681 1228 1721 omnia
1261 1680 1338 1720 viri
1373 1678 1521 1732 Cynici
1554 1679 1834 1718 instrumenta

276 1762 400 1796 antea
434 1767 689 1807 cognoscere
724 1767 827 1806 opus
863 1753 927 1794 sit.
990 1752 1184 1805 Utroque
1217 1753 1257 1792 in
1292 1756 1488 1804 poemate
1521 1755 1648 1802 poeta
1680 1747 1833 1800 studet,

276 1832 321 1866 ut
351 1839 559 1879 pauperes
594 1823 776 1877 Cynicos
809 1823 996 1876 irrideat,
1030 1824 1129 1876 quia
1162 1828 1203 1862 et
1235 1820 1480 1862 libidinibus
1513 1819 1760 1873 indulgeant
1793 1825 1835 1859 et

276 1897 387 1938 fame
414 1902 608 1950 pereant3
644 1894 893 1949 quibuscum
927 1893 1182 1935 carminibus
1217 1894 1523 1946 epigrammata
1545 1891 1638 1931 VH
1663 1893 1714 1931 67
1740 1890 1832 1944 (94)

276 1968 344 2009 VI
369 1971 450 2008 302
475 1967 568 2021 (95)
594 1965 882 2019 comparanda
906 1970 1013 2007 sunt.
1065 1964 1115 2005 In
1141 1964 1233 2004 VH
1258 1966 1310 2004 67
1335 1963 1550 2016 Diogenes
1576 1961 1831 2004 Charontem

277 2045 381 2091 orat,
402 2045 448 2079 ut
466 2053 507 2079 se
530 2037 786 2088 transvehat,
808 2037 998 2090 quamvis
1023 2037 1176 2076 mortui
1202 2034 1394 2089 cymbam
1419 2035 1501 2074 iam
1527 2034 1628 2074 satis
1648 2038 1833 2074 onerent.

277 2110 395 2152 Nihil
417 2108 531 2150 aliud
556 2122 697 2149 secum
721 2114 861 2161 portat
887 2108 965 2148 nisi
989 2107 1228 2160 ampullam,
1258 2119 1414 2159 peram,
1441 2110 1612 2155 vestem,
1642 2102 1833 2153 obulum3

278 2184 420 2234 itaque
455 2195 497 2221 se
532 2179 724 2233 cymbam
756 2180 824 2219 vix
857 2179 1092 2231 graviorem
1121 2176 1385 2217 redditurum
1409 2190 1499 2216 esse
1523 2181 1654 2228 putat,
1688 2188 1832 2227 quam-

279 2266 403 2306 quam
439 2253 595 2303 omnia,
630 2264 736 2303 quae
769 2251 809 2290 in
844 2251 929 2289 vita
961 2247 1225 2302 possidebat,
1259 2247 1311 2287 ad
1345 2246 1503 2287 inferos
1538 2245 1669 2286 affert.
1734 2243 1833 2286 Sine

278 2326 341 2364 ira
364 2330 405 2364 et
428 2321 566 2363 studio
594 2328 716 2374 poeta
738 2320 926 2361 fabulam
953 2326 1106 2371 narrat,
1131 2319 1243 2359 nullo
1267 2317 1395 2359 verbo
1412 2317 1647 2369 Diogenem
1671 2315 1834 2366 laudat;

280 2401 448 2448 poetam
473 2398 763 2445 argumentum
788 2391 1101 2445 epigrammatis
1125 2391 1165 2430 in
1195 2403 1349 2429 scaena
1371 2389 1598 2441 Menippea
1624 2388 1833 2427 invenisse

282 2464 332 2507 Gr.
366 2466 603 2517 suspicatur
637 2464 690 2516 (p.
717 2464 829 2515 1⁵26),
869 2462 942 2503 sed
979 2463 1061 2502 illis
1094 2462 1210 2513 locis,
1246 2474 1350 2513 quos
1384 2474 1405 2499 e
1440 2459 1617 2510 dialogis
1651 2457 1831 2498 Luciani

281 2538 342 2576 vir
375 2536 523 2576 doctus
557 2534 610 2574 ad
645 2535 1003 2587 comparationem
1038 2531 1222 2582 adhibet,
1255 2532 1316 2570 vir
1340 2529 1521 2584 Cynicus
1547 2536 1618 2569 aut
1641 2527 1834 2569 omnibus

281 2608 456 2647 mortuis
488 2605 628 2646 illudit
660 2605 774 2659 (dial.
804 2611 924 2645 mort.
953 2603 1102 2644 XXII
1125 2606 1228 2643 425:
1271 2603 1336 2642 οἷα
1377 2602 1420 2642 δὲ
1457 2601 1525 2641 καὶ
1560 2601 1688 2640 ἐλάλει
1719 2599 1833 2651 παρὰ

280 2678 350 2718 τὸν
388 2678 519 2717 πλοῦν
557 2681 639 2716 τῶν
679 2678 884 2730 ἐπιβατῶν
922 2676 1119 2716 ἁπάντων
1157 2673 1400 2726 καταγελῶν
1438 2673 1507 2712 καὶ
1542 2669 1834 2723 ἐπισκώπτων)

283 2754 354 2788 aut
393 2762 416 2788 a
454 2748 664 2788 Mercurio
704 2746 826 2787 valde
866 2745 1063 2787 laudatur
1106 2744 1220 2799 (dial.
1250 2751 1368 2784 mort.
1397 2742 1443 2783 X
1474 2744 1554 2784 365
1596 2743 1764 2795 ἔμβαινε
1797 2739 1834 2781 ὦ

282 2819 473 2859 Me'mme
506 2819 676 2871 ἀνδρῶν
705 2819 841 2871 ἄριστε
873 2818 943 2857 καὶ
974 2817 1045 2870 τὴν
1076 2816 1303 2868 προεδρίαν
1335 2814 1449 2866 παρὰ
1481 2813 1550 2853 τὸν
1576 2813 1836 2865 κυβερνήτην

283 2891 348 2941 ἔχε
381 2889 445 2942 ἐφ’
474 2890 640 2942 [ὑψηλοῦ
674 2890 734 2933 ὡς
767 2890 993 2941 ἐπισκοπῇς
1025 2887 1240 2940 ἅπαντας).
1303 2884 1453 2937 Neque
1487 2897 1585 2924 vero
1620 2882 1833 2934 Diogenes

283 2961 323 2999 in
345 2965 486 2999 nostro
507 2961 691 3000 carmine
708 2972 959 3012 quemquam
978 2957 1134 3007 illudit3
1154 2956 1411 2997 Charontem
1431 2954 1575 2995 sedate
1596 2953 1835 3005 alloquitur,
