2028 3533
788 379 1079 417 —15—

160 498 443 540 Callimachus
495 510 613 536 suum
667 494 718 535 de
764 494 901 534 Arato
954 492 1155 533 iudicium
1208 491 1414 545 proferat,
1459 489 1712 530 Tarentinus

160 570 363 610 acuminis
417 581 544 607 causa
595 567 854 619 epigramma
907 577 1160 616 componere
1212 561 1394 613 videtur,
1440 559 1713 613 quamobrem

159 640 284 680 Arati
325 652 491 679 carmen
539 636 617 677 sibi
663 635 961 689 perlegendum
1002 648 1092 674 esse
1133 647 1212 673 non
1254 632 1429 685 putavit.
1490 630 1616 672 Nunc
1661 629 1713 671 ad

159 709 549 762 interpretationem
605 707 768 759 generis
822 704 1007 756 dicendi,
1061 718 1168 757 quae
1222 704 1343 743 nimis
1398 702 1588 754 neglecta
1641 707 1714 752 est,

162 788 384 821 transeam.
448 777 662 818 Leonidas
695 778 735 816 in
772 777 904 816 altero
945 775 1127 815 disticho
1167 780 1307 827 partes
1343 773 1549 813 enuntiati
1583 785 1715 824 aeque

161 851 384 891 collocavit
416 855 543 901 atque
575 850 617 888 in
653 849 799 900 primo,
840 860 935 886 nam
970 852 1011 886 et
1042 847 1082 885 iu
1117 846 1252 898 primo
1287 851 1328 884 et
1360 845 1399 884 in
1434 844 1558 883 tertio
1593 856 1714 882 versu

162 934 336 962 caesura
368 919 574 971 bucolica,
608 932 714 971 quae
748 919 787 957 in
824 916 1039 957 vocabulis
1074 916 1265 956 similiter
1291 912 1538 955 sonantibus
1566 913 1718 965 legitur

162 993 409 1045 (δαήμονος,
469 990 715 1043 ἀλήμονας),
781 989 1044 1028 enuntiatum
1100 986 1320 1026 relativum
1382 984 1433 1025 ab
1499 985 1716 1024 enuntiato

161 1061 383 1116 principali
423 1066 657 1113 separatur,
702 1060 743 1099 in
784 1058 865 1098 fine
905 1071 1099 1098 versuum
1139 1062 1501 1109 pentametrorum
1543 1053 1718 1094 verbum

163 1134 406 1186 (ἐφράσατο,
469 1130 706 1184 ἐνδέδεται),
770 1129 1109 1169 hexametrorum
1164 1141 1245 1167 vox
1300 1126 1509 1166 adiectiva
1567 1125 1718 1178 (λεπτῇ,

162 1203 355 1256 ἐναργής)
394 1202 615 1241 invenitur.
681 1200 735 1240 Et
774 1201 813 1240 in
844 1199 932 1239 VII
957 1202 1040 1240 503
1072 1199 1146 1252 (lo
1177 1198 1228 1239 of.
1252 1212 1289 1250 p.
1315 1197 1387 1251 31)
1421 1202 1462 1237 et
1493 1197 1533 1236 in
1568 1195 1638 1235 IX
1665 1198 1718 1235 24

164 1274 234 1325 (21
271 1273 322 1313 cf.
367 1287 404 1325 p.
436 1271 507 1325 31)
559 1270 772 1311 Leonidas
818 1270 898 1310 hoc
943 1268 1119 1309 artificio
1166 1282 1264 1308 usus
1310 1275 1388 1319 est,
1435 1266 1547 1319 quod
1592 1265 1718 1307 Calli-

164 1344 336 1385 machus
362 1342 474 1382 nullo
497 1343 539 1381 in
565 1343 867 1394 epigrammate
892 1341 1007 1393 (nam
1030 1341 1071 1380 in
1096 1339 1137 1379 V
1153 1342 1205 1379 23
1231 1339 1323 1392 (63)
1348 1346 1389 1378 et
1412 1337 1504 1377 VH
1529 1340 1610 1377 519
1629 1337 1718 1391 (214)

165 1414 390 1455 verborum
423 1411 527 1452 ordo
562 1419 607 1452 ut
638 1413 679 1452 in
713 1411 902 1452 versibus
936 1411 1190 1451 hexametris
1227 1410 1372 1450 similis
1405 1410 1464 1448 ita
1497 1410 1537 1448 in
1573 1414 1717 1461 penta-

164 1487 307 1526 metris
331 1483 519 1524 diversus
548 1484 629 1537 est)
663 1482 837 1523 adhibet
871 1483 949 1522 nisi
974 1483 1016 1522 in
1045 1495 1126 1521 uno
1154 1481 1224 1521 illo
1254 1481 1437 1521 carmine
1466 1481 1507 1519 in
1537 1479 1721 1519 Aratum

168 1557 413 1609 composito.
478 1555 532 1594 Et
563 1556 606 1594 in
641 1555 775 1607 primo
810 1560 851 1593 et
882 1555 923 1593 in
958 1553 1082 1592 tertio
1112 1550 1360 1592 Callimachi
1394 1564 1516 1590 versu
1547 1562 1721 1590 caesura

166 1627 358 1667 bucolica
403 1628 684 1678 enuntiatum,
733 1624 846 1677 quod
891 1625 1031 1676 magni
1078 1624 1278 1663 momenti
1324 1628 1403 1673 est,
1452 1636 1475 1661 a
1527 1621 1721 1672 sequenti

165 1711 294 1751 parvo
329 1699 545 1738 enuntiato
578 1703 808 1749 separatur,
843 1694 956 1748 quod
988 1696 1029 1734 in
1065 1695 1198 1747 primo
1233 1691 1439 1733 vocabulo
1469 1691 1722 1745 pentametri

166 1769 290 1809 finem
330 1768 457 1809 habet
495 1769 558 1818 (οὒ
597 1768 666 1808 τὸν
707 1767 850 1807 ἀοιδὸν
884 1766 888 1818 Ι
924 1767 1105 1819 ἔσχατον.
1150 1766 1308 1818 χαίρετε
1346 1764 1485 1804 λεπταὶ
1520 1762 1721 1818 Ιῃρήσιες).

167 1839 219 1879 [d
257 1839 520 1891 vocabulum,
559 1837 671 1891 quod
713 1837 925 1890 dactylum
966 1837 1115 1889 explet,
1160 1842 1337 1887 utroque
1377 1836 1416 1874 in
1456 1839 1721 1886 pentametro

169 1910 347 1950 diaeresi
371 1924 395 1949 a
420 1924 527 1950 nova
551 1909 756 1949 enuntiati
780 1914 899 1961 parte
924 1908 1165 1959 seiungitur.
1220 1904 1462 1959 Cyrenaeus
1486 1903 1721 1944 Leonidam

168 1994 366 2034 superare
407 1980 577 2031 studuit,
617 1993 710 2019 nam
756 1977 991 2029 artificium,
1038 1976 1151 2030 quod
1191 1977 1282 2016 aliis
1320 1977 1361 2016 in
1409 1975 1722 2028 epigrammatis

169 2066 249 2092 non
290 2053 510 2101 iuvenitur,
555 2051 636 2090 hoc
680 2051 720 2089 in
769 2050 952 2089 carmine
993 2048 1196 2100 adhibuit,
1242 2046 1314 2088 sed
1359 2045 1487 2086 verba
1533 2045 1724 2085 similiter

170 2122 364 2163 ordinare
389 2123 489 2162 satis
513 2121 661 2161 habuit
684 2128 809 2173 atque
833 2127 944 2159 artes
967 2119 1134 2159 vocales
1159 2119 1331 2158 evitavit
1354 2117 1424 2171 (cf.
1442 2116 1571 2157 Leon.
1590 2130 1625 2155 v,
1644 2119 1678 2166 1,
1699 2118 1721 2155 3

170 2193 394 2246 ὂαῆμονος,
435 2192 650 2245 αλῆμονας
681 2193 721 2231 in
758 2198 907 2243 quarto
940 2189 1104 2243 pedel)3
1146 2188 1298 2228 deinde
1339 2187 1389 2227 de
1428 2187 1566 2228 forma
1599 2186 1723 2226 Arati

169 2265 388 2317 poematis,
422 2263 472 2303 de
501 2276 583 2316 qua
606 2261 861 2302 Tarentinus
889 2260 1018 2301 verba
1045 2274 1126 2300 non
1154 2259 1325 2310 fecerat,
1360 2258 1609 2311 disputavit3
1636 2264 1723 2297 tum

171 2335 375 2387 exposuit,
409 2347 588 2386 quocum
624 2340 749 2386 poeta
778 2332 938 2372 Aratus
967 2329 1276 2383 comparandus
1311 2336 1431 2381 esset,
1465 2334 1724 2382 postremum

172 2406 229 2445 eis
263 2405 400 2445 λεπταὶ
432 2406 571 2458 ῥήσιες
591 2403 808 2444 Leonidae
842 2417 965 2443 voces
998 2402 1119 2455 λεπτὴ
1144 2403 1311 2455 φροντίς
1338 2401 1547 2452 corrigere
1581 2400 1723 2451 voluit,

172 2478 269 2528 quia
303 2475 568 2523 adiectivum‚
603 2475 714 2528 quod
749 2475 916 2527 proprie
950 2474 1138 2513 attritum
1174 2471 1392 2525 significat,
1432 2470 1484 2511 ad
1518 2469 1724 2510 vocabula

171 2547 318 2586 melius
353 2546 533 2599 quadrat
566 2560 691 2598 quam
725 2544 778 2585 ad
815 2545 942 2584 animi
982 2544 1270 2584 attentionem.
1335 2540 1497 2595 Quibus
1532 2556 1553 2581 e
1587 2542 1723 2581 causis

175 2616 391 2657 Leonidae
426 2630 593 2657 carmen
630 2615 890 2657 Callimacho
926 2615 1162 2667 exemplum
1195 2614 1325 2654 fuisse
1359 2613 1522 2665 colligo.

290 2688 340 2727 In
382 2687 506 2727 XIH
533 2690 556 2727 3
588 2686 801 2727 Theocriti
832 2686 922 2740 (19)
968 2686 1067 2725 mali
1107 2685 1297 2725 homines
1332 2690 1564 2734 monentur,
1599 2696 1648 2722 ne
1682 2682 1723 2721 in

173 2758 455 2811 Hipponactis
490 2758 681 2811 sepulcro
716 2756 974 2808 consideant,
1008 2759 1105 2809 quia
1138 2756 1205 2795 ille
1240 2757 1313 2805 (ita
1340 2753 1617 2807 supplendum
1647 2754 1723 2803 est)

175 2843 428 2882 quamquam
469 2839 656 2869 mortuus
690 2828 822 2868 malos
857 2841 1021 2880 semper
1055 2826 1270 2866 devoveat.
1334 2825 1431 2865 Hoc
1464 2826 1505 2864 in
1539 2825 1723 2864 carmine

174 2899 490 2952 interpretando
525 2898 742 2939 Leonidae
777 2913 839 2951 ep.
863 2897 955 2938 VH
978 2901 1062 2938 408
1086 2899 1172 2950 (40)
1214 2895 1499 2936 adhibendum
1540 2909 1629 2935 esse
1663 2896 1725 2935 vir

177 2969 442 3010 doctissimus
466 2969 626 3010 Jacobs
660 2971 741 3009 iam
767 2969 995 3009 adnotavit.
1039 2967 1168 3020 Apud
1193 2966 1467 3007 Tarentinum
1491 2966 1725 3018 Hipponax
