2028 3533
778 365 1069 403 -29—

149 481 319 535 piadam
352 482 392 521 111
425 484 452 521 8
484 495 520 522 v,
554 481 656 531 hex,
690 481 729 520 in
767 483 789 519 2
823 494 857 521 v,
890 485 1001 532 pent.
1025 499 1079 513 z
1106 480 1213 534 7⁰,s03
1248 479 1359 532 apud
1394 478 1702 519 Callimachum

150 553 190 592 in
210 554 260 592 11
277 566 312 592 v.
327 552 418 593 hex.
433 571 488 585 z
503 550 612 606 4⁰s03
644 549 754 603 apud
777 549 1048 590 Theocritum
1071 550 1112 589 11]
1134 553 1157 589 2
1177 563 1212 591 v,
1231 549 1280 602 11,,
1302 550 1343 589 in
1362 553 1384 589 2
1405 563 1438 589 V.
1455 564 1491 602 p.
1508 569 1563 583 z
1581 548 1700 604 6⁰43).

149 622 200 662 In
247 623 430 675 quinque
474 620 664 661 versibus
699 620 917 661 Tarentini
962 620 1194 673 particulae
1239 621 1303 660 vel
1347 621 1597 672 pronomina
1644 618 1704 674 [τε

150 692 242 732 ΥΠ
256 695 352 744 480,
371 695 391 731 7
409 693 516 745 (32),
534 691 679 732 ὂέΥΙΙ
694 693 790 740 466,
807 694 829 731 3
847 691 956 744 (14),
978 690 1049 730 IX
1067 690 1418 743 719,1(27);μέν
1432 689 1545 729 ΧΥΙ
1564 693 1658 741 307,
1675 692 1702 729 3

151 763 260 817 (28),
291 779 324 802 τι
337 761 408 802 IX
428 764 589 814 316,11
609 760 718 817 (57)]
742 775 907 801 versum
930 761 1167 811 terminant,
1198 760 1270 800 sed
1295 761 1365 811 eis,
1389 774 1495 813 quae
1518 761 1705 800 tenuiter

151 833 426 885 exspirantur,
464 846 660 884 magnum
701 831 865 884 pondus
900 844 982 871 non
1014 831 1135 882 inest,
1175 829 1448 883 quamobrem
1482 831 1522 869 in
1557 844 1703 870 versus

149 902 230 943 fine
264 916 288 942 a
320 903 455 955 poetis
490 916 571 943 non
607 916 748 943 severe
783 903 1001 942 evitantur.
1059 900 1109 940 In
1146 900 1236 940 VII
1261 903 1357 952 731,
1382 903 1404 941 3
1431 901 1521 953 (93)
1556 914 1702 940 1110110-

150 972 338 1026 syllabon
368 978 473 1026 τρεῖς
495 987 587 1013 cum
612 974 775 1013 ratione
798 973 838 1012 in
864 973 975 1012 exitu
999 972 1185 1024 positum
1210 977 1283 1023 est,
1313 977 1357 1011 ut
1381 969 1703 1023 describeretur,

150 1058 275 1097 quam
294 1045 433 1084 miseri
453 1045 551 1083 anni
569 1049 791 1096 sequentes
811 1048 960 1083 essent.
994 1041 1120 1082 Nullo
1147 1042 1228 1081 alio
1252 1043 1294 1081 in
1309 1055 1431 1081 versu
1448 1040 1705 1081 Tarentinus

151 1113 392 1167 diligentiae
417 1113 569 1154 oblitus
594 1121 657 1154 est
681 1115 759 1154 nisi
782 1115 822 1153 11]
847 1113 914 1153 VI
939 1115 1032 1164 296,
1057 1115 1079 1152 5
1107 1112 1178 1165 (81
1195 1113 1240 1152 τὸ
1261 1111 1417 1165 πλεῦν).
1462 1111 1702 1151 Particulae

149 1185 214 1225 vel
238 1186 489 1238 pronomina
513 1183 625 1237 apud
642 1182 947 1225 Callimachum
966 1184 1007 1223 11]
1027 1197 1177 1223 novem
1196 1181 1385 1222 versibus
1407 1180 1578 1238 [ὁήΥΙΙ
1593 1184 1659 1233 89,
1676 1184 1704 1222 3

151 1256 233 1310 (1),
266 1272 348 1296 που
381 1255 475 1295 ΥΠ
504 1258 570 1307 80,
601 1258 623 1295 3
655 1255 738 1309 (2),
774 1255 819 1295 δέ
841 1254 932 1294 ΥΠ
962 1256 1057 1306 517,
1089 1256 1109 1293 1
1142 1253 1253 1306 (20),
1287 1252 1327 1292 Υ
1353 1255 1418 1304 23,
1454 1255 1477 1292 5
1515 1252 1605 1306 (63)
1644 1277 1704 1282 -

148 1343 219 1379 μοι
242 1326 333 1366 ΥΠ
356 1329 422 1378 89,
447 1329 469 1366 5
496 1326 575 1380 (1);
604 1342 657 1379 με
680 1325 836 1365 Athen.
853 1324 944 1365 ΥΠ
969 1327 1051 1364 318
1078 1324 1154 1378 (5),
1178 1323 1230 1364 A.
1247 1323 1292 1364 Ρ.
1307 1323 1401 1363 ΥΠ
1426 1325 1521 1375 525,
1548 1327 1566 1363 1
1594 1323 1705 1377 (21),

151 1414 195 1438 σε
223 1396 314 1437 ΥΠ
344 1399 439 1448 519,
466 1399 485 1437 1
523 1396 632 1450 (14),
665 1397 701 1436 τί
727 1395 819 1435 ΥΠ
849 1397 944 1447 524,
974 1398 997 1435 3
1031 1393 1151 1449 (13)],
1196 1393 1309 1447 apud
1349 1393 1620 1434 Theocritum
1659 1394 1699 1433 11]

151 1466 314 1508 duobus
348 1466 433 1521 (ΥΙ
463 1468 557 1519 340,
582 1470 604 1507 5
639 1467 731 1521 (13)
766 1467 864 1519 γάρ,
903 1465 975 1506 IX
1005 1468 1101 1517 437,
1127 1468 1149 1505 5
1183 1464 1245 1519 (4)
1280 1466 1361 1519 δέ),
1406 1464 1519 1517 apud
1551 1463 1705 1504 Ascle-

149 1537 319 1591 piadam
352 1540 392 1578 11]
429 1539 612 1590 quinque
644 1538 710 1591 (δέ
738 1537 779 1576 Υ
803 1539 898 1589 209,
925 1540 967 1587 1,
999 1538 1077 1589 μέν
1102 1535 1195 1576 ΥΠ
1227 1539 1291 1588 11,
1317 1538 1358 1585 1,
1395 1552 1447 1588 με
1470 1535 1509 1574 Υ
1537 1537 1631 1587 157,
1655 1537 1702 1585 3,

148 1626 219 1662 μοι
252 1609 343 1649 ΥΠ
376 1612 440 1660 11,
472 1612 515 1659 3,
555 1625 610 1653 τις
632 1608 671 1648 Υ
699 1611 792 1660 180,
823 1610 864 1661 3)
904 1613 1135 1648 extremum
1185 1607 1323 1647 locum
1368 1612 1523 1646 tenent.
1594 1604 1703 1647 Sub-

151 1680 388 1731 stantivum,
429 1679 541 1732 quod
575 1679 826 1719 Theocritus
860 1679 1000 1731 evitat,
1039 1677 1152 1731 apud
1186 1676 1447 1730 Cyrenaeum
1482 1676 1610 1716 semel
1643 1676 1702 1729 (in

150 1750 217 1790 ΥΙ
249 1752 341 1801 150,
374 1753 394 1791 1
432 1750 521 1804 (57)
566 1749 609 1790 1(1
653 1755 748 1795 παῖς
786 1751 874 1789 sine
913 1750 1076 1789 ratione
1121 1749 1161 1788 11]
1201 1747 1283 1788 fine
1323 1747 1575 1788 collocatum
1610 1748 1706 1801 est),

152 1820 262 1874 apud
298 1819 485 1862 Samium
519 1828 582 1861 ter
615 1820 672 1872 (Υ
705 1823 798 1863 166.
829 1823 852 1860 5
885 1821 1002 1866 τίνος,
1043 1819 1124 1860 Ζεῦ
1166 1833 1260 1859 cum
1296 1819 1472 1869 ratione,
1518 1819 1616 1870 quia
1659 1819 1701 1857 in

152 1893 342 1945 sequenti
374 1906 495 1932 versu
531 1905 680 1931 nomen
706 1891 812 1936 Ζεῡς
843 1892 1022 1943 primum
1055 1891 1194 1930 locum
1228 1889 1387 1942 explet,
1422 1889 1509 1929 sine
1538 1889 1705 1929 ratione

150 1962 247 2003 ΧΠ
279 1966 342 2014 75,
368 1966 390 2002 2
428 1965 567 2014 161,1
602 1963 714 2015 παῖς)
749 1963 790 2001 in
823 1961 904 2001 fine
937 1961 1101 2014 legitur.
1164 1959 1354 2000 Verbum
1387 1961 1428 1999 111
1463 1973 1545 1999 11110
1578 1973 1701 1999 versu

152 2041 193 2074 et
232 2032 480 2074 Callimachi
514 2032 631 2087 (XII
657 2036 720 2083 73,
749 2035 767 2072 1
794 2032 886 2086 (41)
920 2033 998 2073 οὐκ
1032 2030 1109 2072 οἷδ’
1145 2032 1232 2071 sine
1265 2030 1445 2083 ratione)
1480 2036 1521 2070 et
1553 2029 1704 2070 Ascle-

150 2103 302 2158 piadae
337 2103 393 2158 (Υ
425 2106 461 2155 6,
493 2108 514 2143 2
550 2105 586 2144 εἴ
613 2103 822 2158 fortuito),
860 2103 900 2142 in
942 2101 1106 2143 duobus
1142 2101 1357 2142 Theocriti
1397 2101 1504 2153 (sine
1538 2101 1702 2141 ratione

151 2175 242 2215 VII
267 2177 361 2227 661,
390 2177 417 2214 -1
441 2175 532 2228 (11)
559 2175 677 2228 φίλος
699 2175 766 2228 ἦν,
790 2174 855 2214 VI
879 2176 974 2225 340,
997 2176 1023 2213 4
1048 2174 1138 2226 (13)
1163 2174 1250 2217 ἔτος
1271 2172 1338 2225 ἦν)
1374 2172 1531 2211 exitum
1564 2176 1701 2221 tenet,

151 2244 395 2286 adverbium
442 2247 482 2285 in
527 2245 608 2285 fine
653 2244 937 2297 Asclepiadae
982 2257 1125 2284 versus
1159 2243 1199 2282 Υ
1232 2245 1331 2295 180,
1368 2245 1390 2282 2
1425 2243 1477 2295 (τί
1505 2242 1549 2282 τὸ
1580 2241 1702 2295 πάξ,)

151 2317 312 2369 legitur.
376 2316 428 2356 In
461 2317 712 2368 universum,
750 2314 1031 2368 Asclepiades
1064 2312 1384 2366 monosyllabon
1419 2314 1505 2353 sine
1539 2313 1704 2352 ratione

151 2389 191 2428 in
228 2389 339 2428 exitu
373 2389 509 2439 trium,
534 2386 817 2428 Callimachus
852 2392 977 2438 atque
1001 2384 1250 2425 Theocritus
1275 2383 1464 2435 duorum,
1488 2382 1704 2423 Leonidas

153 2460 274 2499 unius
307 2472 449 2498 versus
483 2458 718 2498 collocavit.
760 2456 811 2496 In
836 2457 948 2497 exitu
970 2456 1223 2508 pentametri
1247 2468 1390 2494 versus
1417 2452 1704 2494 Callimachus

153 2535 278 2582 atque
312 2528 525 2569 Leonidas
558 2527 876 2581 monosyllabon
912 2540 1115 2579 nusquam
1149 2531 1391 2579 posuerunt,
1423 2523 1702 2577 Asclepiades

154 2600 258 2654 (V6,
276 2603 298 2639 2
314 2599 414 2639 XII
435 2602 498 2651 75,
524 2602 562 2650 2)
581 2605 707 2652 atque
723 2598 972 2639 Theocritus
989 2596 1101 2651 (ΥΠ
1119 2599 1214 2644 661,
1228 2599 1255 2637 4
1271 2596 1360 2650 (11)
1377 2595 1445 2636 VI
1462 2598 1556 2647 340,
1572 2599 1597 2635 4
1613 2597 1701 2648 (13)

152 2670 227 2711 bis.
263 2670 477 2710 Leonidas
500 2671 626 2723 igitur
649 2671 777 2710 exitui
795 2683 938 2709 versus
961 2669 1187 2708 maximam
1211 2681 1381 2719 operam
1406 2665 1533 2706 dedit.
1567 2665 1704 2705 Theo-

155 2742 282 2781 critus
328 2747 367 2781 et
408 2739 573 2782 Samius
619 2740 742 2780 finem
776 2754 918 2780 versus
960 2752 1040 2779 non
1082 2738 1304 2791 diligenter
1341 2743 1535 2787 tractant,
1576 2734 1701 2776 Calli-

154 2811 326 2852 machus
359 2813 398 2851 in
433 2825 553 2851 versu
587 2817 850 2864 pentametro
881 2810 1118 2850 accuratior
1148 2814 1210 2849 est
1234 2822 1357 2860 quam
1381 2809 1421 2847 in
1447 2807 1706 2847 hexametro.
