2028 3533
940 385 1231 423 —32—

308 506 472 561 pondus
511 507 629 545 inest.
671 528 723 532 -—
767 502 832 542 De
878 500 1191 554 epigrammatis
1227 498 1298 539 IX
1334 501 1385 538 25
1422 498 1512 552 (44)
1560 498 1864 550 compositione

308 580 389 618 iam
423 575 551 616 verba
583 575 665 614 feci
701 573 770 626 (cf.
793 587 831 625 p.
858 572 941 625 15).

426 646 682 687 Accuratius
722 641 915 683 tractabo
945 641 1039 681 VII
1072 643 1153 681 163
1185 640 1291 694 (11),
1337 641 1435 693 quia
1482 653 1531 679 ex
1569 638 1641 679 illo
1681 639 1865 678 carmine

310 717 526 759 Leonidae
573 728 639 755 ars
687 715 843 767 optime
896 712 1094 765 cognosci
1147 718 1298 764 potest.
1381 709 1452 750 Ad
1505 710 1866 762 comparationem

309 788 473 831 Sidonii
518 786 737 838 Antipatri
784 798 847 837 ep.
871 782 963 823 VH
1001 784 1081 823 164
1127 788 1168 822 et
1211 781 1398 821 Archiae
1444 795 1506 834 ep.
1529 780 1619 820 VH
1656 782 1749 831 165,
1795 780 1866 832 qui

308 859 582 900 Tarentinum
622 856 776 895 imitati
817 861 925 902 sunt,
964 852 1158 893 adhibeo.
1229 852 1521 906 (Epigramma
1562 853 1642 892 165
1678 849 1866 890 Archiae

309 944 398 971 esse
423 927 678 981 argumentis
704 925 967 966 confirmavit
989 923 1178 973 Rasche3
1214 923 1265 964 de
1288 922 1420 963 Ant-h.
1445 920 1518 964 Gr.
1541 921 1866 974 epigrammatis,

309 1015 417 1054 quae
463 998 662 1051 colloquii
707 996 887 1037 formam
933 994 1107 1046 habent,
1152 994 1265 1035 Diss.
1304 993 1485 1034 Muenst.
1534 995 1662 1044 1910,
1708 1006 1746 1044 p.
1782 992 1866 1046 50.)

310 1073 628 1125 Epigrammata
673 1073 770 1108 sunt
814 1067 924 1107 tituli
970 1065 1239 1119 sepulcrales.
1314 1064 1365 1105 In
1412 1063 1632 1104 Leonidae
1682 1064 1866 1103 carmine

314 1148 478 1183 mortua
516 1140 668 1179 viatori
708 1137 970 1191 respondens
1011 1150 1177 1188 nomen,
1218 1137 1409 1189 patriam,
1449 1135 1660 1186 maritum,
1699 1132 1866 1184 liberos,

310 1226 478 1254 causam
502 1211 660 1262 mortis,
690 1215 872 1250 aetatem
902 1208 1099 1261 appellat,
1127 1213 1384 1261 postremum
1412 1205 1526 1246 bona
1553 1206 1693 1246 omnia
1715 1205 1866 1245 viatori

310 1290 438 1337 optat,
473 1283 543 1335 qui
577 1282 728 1321 marito
764 1281 851 1320 eius
883 1281 1015 1319 ‘vitam
1047 1279 1215 1331 longam
1250 1283 1457 1330 precatur.
1513 1275 1777 1329 Compositio
1805 1281 1868 1316 est

309 1356 431 1395 haec:
487 1353 568 1393 tria
613 1351 796 1392 disticha
841 1351 893 1404 (v.
932 1350 1062 1403 1—6)
1114 1348 1234 1389 binas
1284 1348 1637 1400 interrogationes
1683 1352 1725 1386 et
1768 1345 1868 1386 bina

310 1438 512 1479 responsa
528 1424 757 1473 continent,
773 1423 813 1462 in
832 1427 1018 1462 extremo
1038 1419 1220 1460 disticho
1236 1420 1372 1459 viator
1386 1419 1687 1470 hexametrum,
1701 1423 1869 1458 mortua

309 1501 619 1550 pentametrum
643 1493 847 1547 loquitur3
869 1493 1007 1532 versui
1031 1492 1166 1544 primo
1190 1489 1418 1544 respondet
1441 1495 1594 1541 sextus,
1613 1502 1709 1528 nam
1733 1493 1868 1528 totum

309 1569 489 1621 primum
520 1579 687 1606 versum
720 1565 867 1616 viator,
908 1564 978 1617 qui
1012 1562 1269 1615 colloquium
1307 1561 1491 1612 inchoat,
1530 1566 1664 1600 totum
1705 1565 1867 1599 sextum

309 1639 468 1689 mulier,
508 1651 615 1690 quae
652 1636 921 1689 quaestiones
961 1633 1015 1674 ad
1053 1633 1179 1674 finem
1219 1622 1403 1684 adducit,
1442 1632 1638 1684 loquitur.
1701 1629 1868 1670 Nullius

309 1723 453 1749 versus
500 1708 709 1748 sententia
752 1707 793 1746 in
841 1711 1085 1758 sequentem
1132 1705 1282 1744 transit
1332 1704 1456 1743 tertio
1508 1707 1702 1754 excepto,
1751 1702 1867 1741 cuius

309 1781 500 1820 ultimum
533 1777 705 1818 verbum
739 1778 780 1817 in
815 1783 965 1830 quarto
998 1776 1186 1828 legimus.
1239 1774 1293 1814 Id
1326 1775 1535 1821 ἐξέδοσαν,
1572 1772 1686 1825 quod
1718 1786 1793 1825 per
1825 1786 1868 1812 se

309 1853 446 1904 ipsum
483 1850 654 1902 dignum
696 1863 776 1888 non
819 1854 892 1899 est,
932 1847 1044 1900 quod
1085 1846 1295 1897 efferatur,
1335 1845 1432 1898 quia
1473 1845 1607 1884 simile
1641 1842 1813 1883 verbum
1847 1857 1868 1883 e

310 1936 432 1962 versu
459 1920 731 1974 praecedenti
758 1919 883 1959 facile
912 1919 1051 1971 colligi
1080 1924 1229 1971 potest,
1262 1923 1390 1969 poeta
1416 1917 1458 1955 in
1485 1916 1605 1955 initio
1635 1915 1869 1965 collocavit,

311 1994 409 2046 quia
441 2006 598 2043 versus,
633 1992 703 2043 qui
737 1991 925 2042 alioquin
960 1988 1259 2039 dilaberentur,
1298 1988 1370 2027 illa
1403 2000 1506 2027 voce
1539 1987 1650 2025 inter
1688 1999 1730 2025 se
1771 1998 1867 2025 con-

311 2066 550 2116 iunguntur.
619 2061 803 2102 Versum
842 2066 1038 2113 quartum
1083 2066 1212 2112 poeta
1257 2072 1350 2099 cum
1396 2058 1559 2097 ratione
1606 2070 1699 2096 cum
1744 2057 1867 2096 tertio

312 2135 545 2185 coniunxit,
600 2134 698 2186 quia
742 2132 801 2172 illi
846 2145 990 2172 versus
1044 2130 1131 2171 fere
1183 2129 1366 2170 medium
1427 2142 1596 2168 carmen
1653 2126 1868 2180 praebent.

313 2204 537 2258 Quomodo
583 2211 710 2258 poeta
757 2205 798 2243 in
849 2203 1060 2255 colloquio
1111 2202 1338 2241 incisiones
1388 2200 1638 2252 respexerit,
1688 2198 1870 2238 illustrat

312 2276 479 2317 Rasche
515 2278 570 2329 (p.
590 2279 673 2328 24).
726 2275 880 2327 Itaque
915 2275 948 2314 si
983 2275 1185 2313 viatorem
1219 2273 1341 2312 litera
1374 2273 1406 2323 ξ,
1439 2278 1649 2311 mortuam
1683 2269 1803 2309 litera
1826 2268 1877 2308 H

313 2347 608 2400 significamus,
643 2347 893 2399 compositio
929 2344 1124 2385 carminis
1160 2350 1222 2383 est
1255 2342 1377 2382 haec:

808 2431 915 2491 —1v.
943 2430 962 2467 1
1243 2428 1265 2472 ξ

831 2498 915 2563 -ὶν,
941 2514 963 2550 2
1026 2510 1077 2550 Π
1244 2511 1266 2556 ξ
1335 2508 1387 2548 Π

860 2592 914 2659 [v.
941 2596 963 2633 3
1040 2595 1062 2640 ξ
1160 2590 1395 2672 f‘sff

831 2664 833 2670 ‚
861 2668 916 2731 lv.
939 2679 965 2716 4
1028 2672 1159 2716 H“‘s
1249 2676 1271 2720 ξ
1333 2673 1383 2713 Π

807 2748 833 2861 Ῑ
833 2762 916 2822 —[V.
942 2762 964 2799 5
1041 2761 1063 2805 ξ
1133 2757 1181 2797 Π
1344 2758 1367 2803 ξ

810 2832 915 2892 —.lv
941 2845 963 2882 6
1242 2839 1292 2879 H

881 2937 917 2963 v.
943 2926 963 2962 7
1260 2924 1275 2933 ⁹

880 3010 964 3047 v.8
1239 3004 1290 3044 Π
