2028 3533
844 367 1135 404 —19—

216 483 433 524 Leonidae
479 483 695 535 aliquanto
743 482 881 522 aliena
925 481 1036 533 sunt)
1084 494 1187 533 opus
1234 493 1315 520 non
1356 485 1485 532 erant,
1517 481 1764 532 praesertim

214 568 309 594 cum
367 554 407 593 in
433 549 440 554 ’
469 553 773 605 compositione
833 565 976 591 eorum
1029 555 1182 604 τριχῶν
1234 555 1518 603 σαγανευτῆρα
1572 550 1763 602 exemplo

216 623 465 665 Callimachi
491 629 664 664 careret,
716 622 867 674 Itaque
890 621 1103 662 Leonidas
1131 619 1335 674 Cyrenaei
1359 621 1658 673 epigrammate
1682 634 1763 660 non

217 708 314 734 usus
339 701 412 734 est.
435 718 491 723 —-
514 692 718 733 Versibus
744 695 855 741 5-8
880 691 1096 732 Leonidae
1121 692 1434 744 epigrammatis
1450 690 1541 730 VII
1564 694 1648 731 440
1672 690 1763 744 (43)

215 778 384 804 carmen
419 763 511 803 VH
549 766 632 803 415
679 761 928 803 Callimachi
975 762 1064 815 (35)
1113 762 1349 814 exemplum
1394 761 1523 801 fuisse
1568 760 1764 801 Reitzen-

216 835 390 875 steinius
435 834 696 887 (Epigramm
738 847 774 874 u.
815 831 1003 883 Skolion,
1044 846 1082 885 p.
1112 835 1182 885 87)
1229 831 1411 872 affirmat
1456 837 1496 871 et
1539 830 1590 872 G.
1633 832 1765 884 suspi-

216 910 347 945 catur.
416 904 630 944 Leonidas
669 902 995 955 Aristocratem,
1042 904 1113 955 qui
1159 901 1400 943 Charitibus
1442 901 1563 941 valde
1608 902 1767 954 placuit

216 983 259 1015 et
305 976 489 1015 omnium
537 975 738 1015 memoria
783 973 1019 1014 custoditur
1063 976 1142 1026 (vv.
1173 973 1316 1026 3—4),
1360 971 1517 1024 laudat,
1568 972 1680 1025 quod
1723 973 1764 1012 in

216 1046 361 1099 populi
407 1047 602 1086 contione
647 1045 871 1097 supercilia
911 1058 993 1084 non
1033 1044 1216 1083 allevans
1257 1043 1469 1095 eleganter
1506 1043 1670 1082 locutus
1705 1048 1768 1082 est

216 1123 343 1169 atque
376 1117 416 1156 in
452 1117 642 1156 convivio
677 1114 835 1155 urbane
869 1114 1164 1154 confabulatus
1198 1119 1261 1153 est
1290 1113 1342 1166 (V.
1368 1114 1512 1167 5—8).
1566 1113 1766 1153 Extremo

214 1188 256 1227 in
287 1187 466 1226 disticho
492 1193 701 1226 mortuum
725 1185 938 1237 gloriatur,
973 1183 1086 1237 quod
1116 1191 1156 1224 et
1180 1185 1290 1224 cives
1315 1190 1355 1224 et
1379 1183 1564 1236 hospites
1591 1182 1769 1223 libenter

218 1257 389 1297 adiuvit.
452 1256 663 1297 Mortuum
712 1262 752 1296 et
797 1255 976 1295 canendi
1020 1256 1200 1308 peritum
1245 1254 1374 1294 fuisse
1423 1260 1463 1294 et
1501 1255 1540 1294 in
1576 1255 1766 1294 convivio

216 1327 355 1380 lepide
399 1328 644 1380 συγγελάσαι
692 1328 733 1366 in
775 1325 1023 1367 Callimachi
1063 1325 1242 1365 disticho
1282 1325 1468 1377 legimus.
1531 1324 1766 1364 Leonidam

217 1413 238 1438 e
274 1398 389 1438 brevi
422 1398 619 1438 antithesi
654 1398 828 1437 alteram
862 1403 1024 1449 partem
1058 1396 1181 1449 plane
1213 1396 1413 1446 omisisse,
1448 1395 1621 1435 alteram
1645 1394 1768 1435 valde

217 1470 444 1509 mutavisse
490 1465 601 1519 (loco
647 1468 691 1509 εὖ
738 1467 881 1519 ὃόἴνῳ
920 1469 1057 1519 καίρια
1093 1467 1338 1519 συγγελάσαι
1372 1467 1547 1518 legimus
1579 1467 1668 1520 ᾔδει
1700 1466 1769 1506 καὶ

217 1541 407 1593 Βάκχοιο
445 1540 558 1592 παρὰ
592 1544 800 1592 κρητῆρος
838 1539 985 1591 ἇὸηριν
1023 1539 1160 1577 ἴθῦναι
1199 1538 1336 1590 κείνην
1376 1537 1571 1577 εὖκύλικα
1609 1536 1767 1590 λαλιήν)

217 1616 344 1663 atque
391 1624 496 1650 nova
543 1611 752 1650 sententia
798 1609 850 1663 (fv.
889 1610 1048 1661 9—10)
1092 1609 1258 1648 auxisse
1302 1606 1520 1660 probabile
1567 1621 1647 1647 non
1695 1612 1768 1659 est,

217 1688 437 1734 praeterea
469 1682 541 1721 illa
574 1680 701 1720 dictio
737 1694 819 1720 non
852 1686 937 1719 tam
962 1680 1162 1719 inusitata
1186 1685 1259 1725 est,
1293 1692 1417 1731 quam
1443 1677 1655 1718 Leonidas
1679 1679 1768 1730 ipse

217 1753 403 1792 invenire
444 1766 525 1792 non
559 1752 760 1805 potuerit,
800 1749 949 1803 quibus
984 1764 1004 1790 e
1039 1750 1175 1789 causis
1209 1750 1246 1789 ei
1282 1750 1538 1801 epigramma
1568 1748 1662 1788 VH
1684 1750 1767 1788 415

219 1821 425 1876 Cyrenaei
459 1823 695 1875 exemplum
728 1822 857 1861 fuisse
888 1834 1005 1872 nego.
1060 1819 1217 1861 Contra
1243 1821 1383 1860 nescio
1409 1834 1458 1859 an
1486 1817 1767 1866 Callimachus

219 1892 437 1934 Tarentini
488 1894 655 1945 longum
709 1893 970 1931 enuntiatum
1023 1891 1244 1944 (imprimis
1293 1891 1429 1930 inutili
1477 1903 1578 1930 voce
1623 1891 1770 1942 ἄὸηριν

219 1965 391 2017 omissa)
428 1965 624 2003 minuerit
659 1969 784 2016 atque
821 1963 1072 2002 sententiam
1107 1962 1313 2014 poliverit.
1355 1986 1411 1989 —
1454 1960 1545 2000 Has
1585 1960 1767 2012 singulas

219 2049 342 2075 voces
372 2034 645 2075 Tarentinum
670 2048 690 2074 e
716 2033 920 2086 Cyrenaei
945 2031 1198 2073 carminibus
1223 2031 1301 2072 sibi
1325 2033 1552 2083 sumpsisse
1577 2029 1627 2072 G.
1656 2030 1768 2070 affir-

219 2112 317 2146 mat.
358 2105 408 2146 Jd
432 2106 655 2158 μεθυπλήξ
676 2104 809 2157 (XVI
831 2107 926 2155 306,
943 2106 984 2155 5)
1010 2117 1030 2143 e
1054 2102 1302 2144 Callimachi
1325 2102 1562 2154 fragmento
1581 2104 1674 2152 223,
1698 2100 1769 2141 ubi

219 2177 271 2217 de
288 2176 547 2216 Archilocho
573 2175 822 2228 disputatur,
848 2180 887 2214 et
911 2188 959 2214 ea
981 2175 1173 2227 λίχνοισιν
1196 2172 1257 2213 ἐπ’
1274 2174 1458 2225 ὄμμασιν
1473 2171 1602 2225 (XVI
1618 2175 1713 2224 306,
1730 2173 1768 2222 3)

220 2262 240 2287 e
275 2248 510 2299 fragmento
549 2249 641 2294 107,
676 2245 743 2286 ubi
779 2245 828 2285 de
863 2259 1004 2285 amore
1036 2244 1185 2297 puerili
1220 2245 1366 2296 agitur,
1400 2243 1551 2283 hausta
1584 2257 1673 2283 esse
1707 2242 1768 2282 di-

220 2325 381 2358 cuntur.
436 2315 546 2369 Quia
571 2331 649 2357 non
676 2322 863 2369 apparet.
898 2329 980 2368 quo
1004 2329 1113 2355 anno
1137 2315 1208 2354 illa
1230 2314 1437 2355 vocabula
1460 2328 1484 2354 a
1507 2312 1767 2354 Callimacho

220 2390 377 2441 scripta
410 2389 502 2430 sint.
536 2394 581 2427 ut
604 2386 822 2427 Leonidae
847 2386 1129 2427 Callimachus
1162 2387 1221 2425 ita
1243 2385 1311 2425 ille
1336 2383 1552 2438 Cyrenaeo
1577 2384 1767 2436 exemplo

219 2459 349 2499 fuisse
382 2465 538 2511 potest3
573 2473 667 2498 nam
692 2458 944 2498 Tarentinus
978 2457 1130 2497 multas
1165 2470 1293 2496 novas
1321 2469 1445 2496 voces
1468 2456 1638 2496 invenit.
1682 2454 1768 2495 Res

220 2531 279 2569 ita
304 2544 345 2570 se
370 2529 507 2580 habet,
532 2528 645 2582 quod
668 2542 812 2569 vocem
835 2530 934 2569 ποία
959 2527 1028 2580 (scf.
1045 2526 1148 2568 Call.
1172 2527 1220 2567 fr.
1246 2529 1346 2573 182&
1372 2526 1603 2567 Leon.VH
1621 2528 1714 2577 648,
1731 2527 1768 2567 4.

222 2628 244 2629 ἡ
284 2600 435 2640 Rhiani
460 2615 522 2653 ep.
538 2614 559 2639 a
579 2599 789 2639 Pausania
804 2599 870 2639 IV
884 2601 1012 2649 17,11
1034 2597 1245 2649 traditum,
1265 2597 1442 2637 Diodori
1459 2596 1616 2650 ep.V11
1633 2599 1726 2648 627,
1745 2598 1767 2636 5

221 2671 432 2724 Antiphili
457 2671 522 2710 VI
547 2674 640 2721 252,
668 2672 707 2723 1)
747 2670 810 2709 vel
849 2683 993 2709 vocem
1028 2670 1274 2722 ῖχθοβολεύς
1307 2667 1427 2721 (Call.
1452 2667 1588 2720 hymn.
1612 2666 1689 2717 IV,
1716 2668 1767 2706 15

222 2741 352 2782 Leon.
370 2741 461 2781 VH
486 2744 580 2789 504,
605 2745 646 2794 2)
678 2740 936 2780 adhibemus.
988 2740 1022 2779 E
1047 2740 1257 2780 communi
1281 2752 1472 2778 sermone
1497 2738 1675 2790 Νύμφαι
1699 2770 1706 2778 .
1730 2768 1737 2776 .
1762 2769 1769 2776 .

222 2812 408 2865 (Δώρου)
433 2814 549 2864 γένος
572 2811 720 2865 (Leon.
736 2811 806 2851 IX
828 2813 921 2862 329,
944 2814 985 2859 1;
1011 2810 1114 2851 Call.
1138 2809 1275 2862 hymn.
1298 2808 1363 2849 IV
1391 2811 1470 2849 109
1494 2808 1676 2860 Νύμφαι
1699 2839 1706 2848 .
1730 2839 1738 2847 .
1761 2840 1770 2849 .

223 2888 412 2935 ποταμοῦ
461 2885 592 2935 γένος)
647 2882 745 2922 nihil
798 2882 937 2933 colligi
990 2894 1111 2933 posse
1164 2879 1213 2921 G.
1258 2881 1341 2919 iam
1387 2880 1593 2931 cognovit.
1670 2878 1769 2931 Epi-

222 2966 410 3005 gramma
431 2953 523 2993 VH
548 2956 627 2993 736
653 2953 743 3005 (91)
779 2951 831 2992 ad
854 2951 1062 2992 Hecalam
1096 2964 1177 2991 non
1202 2956 1391 3002 spectare
1415 2963 1512 2989 mox
1534 2948 1769 2989 videbimus

1511 3031 1559 3063 2*
