2028 3533
829 357 1114 395 -21—

199 464 434 512 nullum‘in
477 471 645 512 modum
686 471 736 512 de
777 485 820 511 se
855 473 943 524 ipse
977 471 1206 524 praedicat.
1270 472 1419 525 Itaque
1452 478 1579 525 poeta
1611 486 1746 525 neque

197 534 487 594 argumentum
512 556 533 582 e
557 556 710 582 scaena
735 541 958 594 Menippea
986 541 1064 582 sibi
1092 544 1270 595 sumpsit
1297 556 1430 594 neque
1459 557 1552 583 cum
1576 541 1744 596 Cynicis

197 613 396 652 constitit.
421 637 463 641 —
488 611 759 665 Epigramma
775 611 841 651 VI
857 614 939 652 302
956 613 1046 665 (95)
1070 612 1407 665 philosophicum
1432 611 1483 655 G.
1507 612 1744 666 arbitratur,

196 696 449 735 quamquam
503 681 738 722 Leonidam
791 681 841 722 de
896 697 938 723 se
990 684 1125 735 ipsum
1181 683 1394 736 disputare
1449 697 1531 724 non
1578 685 1745 736 ignorat

197 752 379 805 (Cynika
402 767 438 792 u.
455 752 741 803 Verwandtes‚
765 767 802 805 p.
820 754 875 806 5).
920 753 1062 794 Mures
1085 760 1212 806 poeta
1235 754 1474 806 alloquitur,
1499 755 1569 807 qui
1592 755 1743 794 misera

194 824 236 862 in
271 824 412 863 casula
440 824 528 863 eius
553 825 709 863 victum
733 830 950 876 quaerunt,
986 830 1026 864 et
1050 824 1259 876 admonet,
1294 830 1339 864 ut
1362 825 1485 864 aliam
1508 826 1549 864 in
1574 824 1743 865 domum

195 907 238 933 se
262 893 493 946 conferant,
528 908 618 934 cum
655 893 767 933 domi
801 908 900 934 suae
935 894 1036 934 nihil
1066 896 1290 947 reperiant.
1343 895 1650 947 Epigrammati
1674 895 1743 935 de-

195 965 464 1016 scriptionem
503 966 613 1004 vitae
652 966 693 1004 in
733 964 935 1017 peculiari
973 965 1109 1005 forma
1150 966 1425 1018 compositam
1471 966 1606 1006 inesse
1652 980 1743 1018 per-

195 1047 362 1074 suasum
382 1042 515 1074 teneo.
549 1033 657 1074 Nam
684 1048 887 1074 summam
912 1036 1162 1075 sententiam
1187 1035 1308 1075 aliter
1330 1036 1526 1088 intellego
1551 1042 1675 1088 atque
1693 1034 1744 1077 G.

196 1103 272 1144 Vir
305 1103 466 1145 doctus.
501 1106 569 1158 qui
602 1118 753 1157 poema
787 1119 880 1144 cum
914 1105 1017 1145 locis
1052 1120 1073 1145 e
1107 1104 1278 1145 Laertio
1304 1105 1494 1158 Diogene
1519 1106 1603 1159 (VI
1629 1110 1664 1158 2,
1688 1109 1742 1147 40

191 1176 298 1227 πρὸς
331 1176 425 1220 τοὺς
463 1176 719 1227 ἑρπύσαντας
757 1177 820 1215 ἐπὶ
859 1176 931 1229 τὴν
969 1177 1174 1228 τράπεζαν
1212 1180 1310 1228 μῦς·
1355 1177 1464 1223 ἰδού,
1510 1178 1628 1230 φησί,
1674 1178 1744 1217 καὶ

193 1246 389 1298 Διογένης
419 1247 671 1298 παρασίτους
705 1247 858 1299 τρέφει)
906 1253 946 1286 et
991 1260 1011 1285 e
1052 1246 1281 1286 Plutarcho
1329 1247 1467 1287 citatis
1515 1254 1743 1300 comparat,

194 1317 442 1356 sententiam
468 1330 489 1356 e
512 1315 657 1356 fabula
682 1315 841 1369 Cynica
866 1323 998 1357 ortam
1025 1331 1115 1357 esse
1140 1324 1291 1361 censet,
1320 1319 1359 1356 in
1386 1331 1467 1370 qua
1492 1317 1744 1358 narrabatur

193 1385 246 1426 ad
279 1386 515 1438 Diogenem
549 1401 709 1426 murem
743 1388 983 1439 accessisse,
1018 1394 1061 1427 ut
1093 1401 1235 1427 rumor
1267 1389 1345 1428 iret
1378 1389 1575 1442 Διογένης
1606 1390 1743 1442 τρέφει

190 1459 483 1510 παρασίτους-γ
518 1456 597 1498 Cui
631 1459 863 1498 sententiae
897 1459 958 1497 vir
993 1457 1142 1498 doctus
1177 1458 1362 1498 Pohlenz
1403 1458 1503 1511 (Die
1538 1459 1742 1500 hellenist.

190 1527 341 1568 Poesie
367 1542 402 1569 u.
426 1527 712 1581 Philosophie.
748 1528 924 1580 Χάριτες
946 1529 973 1568 f.
996 1527 1098 1579 Leo,
1126 1531 1266 1581 1911),
1301 1530 1372 1581 qui
1401 1530 1442 1569 in
1479 1543 1517 1582 p.
1542 1531 1593 1570 81
1629 1536 1742 1570 recte

192 1597 310 1638 dicit:
345 1598 425 1638 Die
459 1597 828 1639 konventionellen
857 1598 1035 1649 Farben,
1068 1600 1109 1639 in
1134 1599 1269 1640 denen
1294 1613 1338 1640 er
1361 1599 1428 1640 die
1452 1600 1607 1640 Armut
1629 1601 1742 1652 malt,

191 1667 284 1708 sind
319 1668 572 1721 keineswegs
607 1669 932 1710 ausschliesslich
964 1669 1152 1723 kynisch,
1188 1671 1383 1710 assentiri
1417 1670 1593 1723 videtur,
1630 1671 1741 1724 quod

190 1740 230 1778 in
255 1753 293 1791 p.
318 1741 371 1779 80
396 1739 559 1780 scribit:
596 1741 661 1780 eiu
685 1740 1016 1793 Apophthegma
1040 1740 1112 1781 des
1138 1740 1350 1793 Diogenes
1379 1741 1479 1781 wird
1503 1741 1741 1782 behandelt.

191 1807 417 1863 Quomodo
442 1824 533 1850 cum
563 1810 634 1850 illa
660 1810 805 1851 fabula
833 1811 1090 1863 epigramma
1117 1811 1354 1864 cohaereat,
1388 1812 1631 1865 intellegere
1660 1827 1739 1853 non

188 1893 372 1933 possum.
435 1880 545 1921 Nam
585 1887 711 1934 poeta
751 1881 871 1922 dicit:
912 1881 1022 1935 apud
1062 1897 1127 1922 me
1169 1897 1217 1923 ne
1251 1896 1389 1923 mures
1424 1882 1594 1935 quidem
1627 1885 1740 1937 quic-

189 1964 315 2003 quam
347 1952 576 2004 inveniunt,
610 1966 732 2005 quam
769 1954 1019 1993 sententiam
1054 1967 1074 1993 e
1108 1952 1253 1993 fabula
1287 1953 1445 2006 Cynica
1481 1960 1613 1993 ortam
1651 1968 1741 1995 esse

189 2023 395 2074 suspicari
441 2023 585 2074 nolim,
626 2024 723 2076 quia
770 2037 863 2063 eum
905 2022 1085 2077 Cynicos
1131 2023 1295 2064 duobus
1340 2025 1380 2064 iu
1428 2026 1740 2077 epigrammatis

187 2092 362 2133 irridere
396 2093 587 2133 vidimus.
651 2093 803 2147 [taque
843 2100 1012 2147 poetam
1051 2109 1144 2135 cum
1185 2096 1243 2135 eis
1284 2109 1326 2135 se
1361 2108 1606 2147 comparare
1640 2097 1739 2148 quin

189 2164 313 2203 etiam
356 2177 398 2204 se
437 2164 608 2204 minoris
649 2166 871 2205 aestimare
915 2178 1040 2217 quam
1081 2164 1261 2218 Cynicos
1303 2179 1426 2217 nego,
1467 2165 1738 2218 quamobrem

189 2233 425 2274 Leonidam
453 2234 533 2274 hoc
560 2236 600 2274 in
633 2236 815 2275 carmine
840 2237 1070 2276 sententias
1095 2250 1190 2276 suas
1215 2236 1361 2276 efferre
1385 2242 1425 2276 et
1448 2243 1739 2290 paupertatem

188 2319 306 2345 suam
347 2304 584 2345 describere
624 2319 787 2347 censeo.
851 2306 985 2346 Poeta
1025 2306 1075 2347 de
1114 2313 1364 2360 paupertate
1402 2308 1658 2360 peculiarem
1697 2309 1737 2347 in

186 2374 357 2415 modum
404 2377 690 2428 conqueritur,
736 2375 922 2417 fabulam
964 2376 1166 2430 Cynicam
1211 2379 1253 2417 in
1298 2384 1436 2418 mente
1483 2392 1563 2418 non
1602 2377 1738 2420 habet.

186 2445 298 2486 Nam
331 2460 459 2499 quare
493 2453 619 2499 poeta
652 2448 740 2500 ipse
773 2448 885 2487 illam
922 2450 1174 2488 sententiam
1206 2449 1392 2489 invenire
1427 2463 1506 2489 non
1543 2448 1738 2502 poterat?

187 2513 349 2569 Quarto
389 2518 429 2556 in
466 2531 586 2557 versu
620 2519 774 2561 iocum.
815 2532 938 2570 quem
973 2516 1024 2560 G.
1059 2532 1138 2559 non
1180 2525 1292 2559 recte
1328 2520 1628 2572 interpretatus
1664 2527 1736 2573 est,

186 2587 379 2639 legimus;
419 2589 458 2627 in
500 2602 620 2628 versu
659 2589 930 2641 praecedenti
970 2590 1079 2629 enim
1120 2598 1246 2642 poeta
1286 2589 1449 2630 scribit:
1491 2590 1595 2630 Mihi
1636 2592 1736 2631 satis

186 2664 249 2698 est
288 2657 446 2711 aliquid
484 2660 605 2711 panis
646 2669 687 2699 et
719 2660 816 2699 salis
851 2659 1005 2700 habere
1040 2666 1081 2700 et
1114 2662 1268 2713 pergit:
1305 2661 1431 2701 Hunc
1466 2663 1619 2701 victum
1654 2661 1734 2708 (vel

186 2728 266 2768 hoc
310 2743 439 2781 genus
485 2729 669 2783 vivendi)
723 2731 805 2770 iam
851 2745 874 2770 a
919 2737 1037 2783 patre
1091 2732 1320 2771 aestimavi.
1388 2731 1620 2772 Leonidam
1670 2732 1735 2771 hic

187 2800 436 2851 sapientiam
471 2799 672 2853 Cynicam
707 2815 822 2841 suam
858 2801 993 2841 celare
1027 2802 1132 2842 velle
1168 2800 1217 2843 G.
1251 2808 1373 2854 putat
1407 2806 1461 2854 (p.
1493 2805 1585 2844 127.
1621 2817 1656 2844 n.
1685 2804 1735 2855 l),

188 2883 321 2922 neque
354 2884 451 2911 vero
486 2870 537 2910 de
571 2871 838 2924 philosophia
862 2871 1021 2925 Cynica
1044 2874 1110 2925 agi
1133 2874 1215 2912 iam
1241 2873 1551 2925 explicavimus.
1601 2873 1734 2914 Poeta

185 2941 278 2981 ioco
324 2941 476 2981 acerbo
523 2941 692 2994 quidem
739 2957 834 2982 usus
882 2943 960 2983 hoc
1010 2944 1050 2983 in
1104 2958 1223 2983 versu
1270 2944 1543 2995 sollemniter,
1589 2945 1731 2997 itaque
