2028 3533
1009 371 1299 408 -43-

376 497 554 536 quoque,
589 484 660 535 qui
695 488 739 522 ut
772 484 1077 535 epigrammata
1112 484 1305 525 bucolica
1339 500 1362 526 a
1390 486 1507 538 poesi
1531 486 1681 526 melica
1705 500 1786 528 non
1811 487 1933 540 longe

376 553 544 605 distant,
578 552 756 593 libenter
785 552 953 594 easdem
989 568 1113 595 voces
1142 557 1333 608 posuisse
1358 571 1379 596 e
1404 555 1654 597 Callimachi
1677 556 1932 599 carminibus

375 625 679 676 cognoscimus.
742 622 853 663 Nam
893 625 933 664 in
975 628 1027 665 72
1063 625 1252 667 versibus
1286 628 1454 667 eroticis
1492 630 1555 678 18,
1588 629 1628 667 in
1667 629 1747 670 196
1782 629 1932 669 ceteris

374 693 562 735 versibus
603 719 656 722 —
701 696 748 734 11
790 695 1062 747 repetitiones
1103 696 1324 747 habemus3
1371 697 1681 739 voculationem
1725 705 1853 752 poeta
1890 700 1932 739 in

375 766 542 805 eroticis
577 763 766 805 versibus
802 778 884 805 non
919 767 1085 819 saepius
1121 767 1379 822 (quinquies)
1414 782 1538 821 quam
1572 770 1612 809 in
1649 770 1798 810 ceteris
1833 768 1932 824 (ter)

373 837 562 876 mutavit.
632 835 912 888 Asclepiades
959 844 1099 878 autem
1146 839 1186 878 in
1233 841 1312 879 132
1352 838 1541 880 versibus
1582 841 1750 880 eroticis
1787 842 1851 888 12,
1889 841 1930 880 in

375 908 523 947 ceteris
540 910 595 946 40
610 905 799 946 versibus
815 909 842 946 4
865 909 1139 959 repetitiones
1164 908 1405 962 praebet,in
1430 911 1599 950 eroticis
1618 911 1932 963 epigrammatis

374 979 500 1030 igitur
538 977 833 1030 repetitionem
875 977 1060 1019 eiusdem
1102 981 1218 1020 vocis
1253 994 1333 1020 non
1370 981 1536 1033 saepius
1570 979 1699 1022 habet
1731 994 1857 1034 quam
1889 982 1931 1022 in

374 1049 542 1097 ceteris;
587 1048 898 1088 voculationem
945 1063 1113 1103 quoque
1154 1064 1236 1091 non
1277 1050 1500 1104 diligenter
1540 1057 1706 1103 tractat,
1752 1053 1852 1105 quia
1889 1053 1931 1093 in

374 1120 557 1173 quinque
592 1119 793 1171 exemplis
828 1119 986 1173 (41‘70)
1011 1121 1323 1162 voculationem
1348 1135 1428 1162 non
1453 1123 1642 1172 mutavit,
1676 1136 1932 1176 quamquam

373 1191 496 1230 aliam
542 1191 748 1230 rationem
792 1203 871 1230 non
915 1190 1180 1244 sequebatur.
1251 1192 1531 1246 Poseidippus
1576 1194 1850 1246 repetitiones
1889 1195 1930 1234 in

373 1261 541 1301 eroticis
581 1259 770 1300 versibus
812 1263 1065 1314 anteposuit,
1111 1277 1205 1303 nam
1245 1265 1286 1303 in
1326 1266 1381 1303 46
1422 1265 1591 1305 eroticis
1624 1263 1814 1305 versibus
1847 1278 1932 1316 sex,

371 1333 412 1371 in
438 1332 588 1372 ceteris
613 1334 666 1371 74
689 1331 879 1373 versibus
903 1339 986 1374 tres
1010 1335 1283 1387 repetitiones
1307 1335 1494 1387 legimus,
1523 1334 1596 1375 sed
1620 1335 1930 1376 voculationem

371 1403 412 1442 in
437 1403 606 1443 eroticis
631 1403 946 1455 epigrammatis
972 1417 1052 1444 non
1073 1404 1196 1445 aliter
1213 1411 1368 1446 tractat
1386 1413 1512 1459 atque
1530 1407 1570 1446 in
1591 1406 1696 1448 aliis.
1729 1405 1766 1446 E
1784 1407 1931 1459 paucis

372 1473 540 1513 eroticis
573 1472 763 1513 versibus
797 1473 955 1528 Hedyli
990 1475 1092 1515 nihil
1126 1476 1266 1529 colligi
1298 1483 1449 1529 potest.
1503 1476 1634 1530 Apud
1658 1476 1930 1529 Mnasalcam,

370 1543 551 1595 Niciam,
585 1543 810 1596 Philetum,
850 1545 1032 1586 Aratum
1065 1560 1305 1600 perpaucae
1338 1549 1610 1600 repetitiones
1650 1549 1930 1588 inveniuntur.

371 1615 502 1656 Varia
535 1616 747 1656 voculatio
781 1615 898 1656 verbi
932 1618 1099 1670 repetiti
1133 1617 1187 1657 ad
1221 1624 1381 1659 certum
1415 1620 1764 1672 epigrammatum
1798 1632 1930 1671 genus

371 1700 451 1727 non
488 1693 663 1739 spectat,
696 1688 736 1726 in
769 1686 973 1728 bucolicis
998 1696 1138 1728 autem
1163 1688 1419 1730 carminibus
1443 1690 1642 1740 evitatur3
1676 1691 1717 1730 in
1741 1688 1930 1730 versibus

371 1759 540 1798 eroticis
585 1756 874 1811 bucolicisque
920 1759 1060 1812 plures
1106 1761 1380 1813 repetitiones
1420 1762 1692 1801 inveniuntur
1730 1774 1855 1813 quam
1887 1761 1929 1801 in

370 1829 474 1869 aliis.
526 1828 577 1869 In
612 1830 928 1881 epigrammatis
963 1836 1004 1870 et
1037 1829 1239 1872 bucolicis
1274 1838 1315 1871 et
1344 1833 1526 1883 eroticis,
1560 1845 1668 1884 quae
1692 1831 1745 1871 ad
1767 1832 1929 1884 poesim

369 1900 563 1940 melicam
595 1913 727 1953 prope
761 1900 982 1953 accedunt,
1014 1903 1121 1942 ictus
1151 1903 1191 1942 in
1224 1902 1371 1942 eadem
1403 1901 1564 1956 syllaba
1587 1904 1702 1943 vocis
1724 1904 1930 1956 repetitae

369 1972 551 2024 ponitur,
585 1978 630 2011 ut
661 1972 695 2011 is
730 1973 800 2024 qui
835 1972 935 2024 legit
969 1971 1020 2013 de
1054 1973 1214 2013 melicis
1247 1973 1502 2014 carminibus
1531 1973 1821 2014 admoneatur.
1884 1971 1929 2015 Si

369 2043 477 2082 ictus
517 2043 599 2082 alia
637 2043 676 2082 in
713 2042 875 2096 syllaba
905 2042 1101 2083 vocabuli
1135 2045 1304 2096 repetiti
1339 2045 1582 2090 collocatur,
1614 2045 1811 2097 repetitio
1846 2057 1929 2085 non

371 2114 599 2166 conspicua
634 2119 708 2165 est,
743 2113 816 2154 sed
849 2115 998 2154 mirum
1033 2116 1074 2155 in
1108 2115 1280 2155 modum
1315 2129 1437 2156 aures
1472 2117 1616 2168 tangit.

489 2182 614 2224 Nunc
659 2184 921 2237 quarendum
963 2192 1036 2237 est,
1077 2200 1161 2238 qua
1194 2192 1333 2226 aetate
1366 2186 1471 2226 illud
1505 2187 1672 2239 elegans
1706 2184 1930 2227 artificium

370 2256 551 2308 primum
580 2256 620 2295 in
654 2257 967 2308 epigrammatis
997 2258 1248 2297 inveniatur.
1301 2257 1351 2297 In
1380 2256 1590 2310 prioribus
1615 2257 1929 2310 epigrammatis

372 2326 591 2379 (Erinnae,
631 2325 813 2380 Anytae,
854 2325 1068 2379 Simmiae,
1108 2334 1154 2368 ut
1189 2342 1331 2368 versus
1365 2328 1664 2379 Anacreontis,
1699 2326 1928 2369 Simonidis

371 2397 645 2450 aliorumque,
688 2399 759 2450 qni
797 2398 886 2438 fere
927 2397 1119 2439 omnibus
1159 2398 1240 2439 hoc
1278 2400 1319 2439 in
1361 2400 1563 2452 opusculo
1606 2399 1796 2439 tractatis
1829 2400 1928 2439 arti-

370 2467 474 2507 ficiis
509 2475 664 2520 carent,
700 2470 909 2523 omittam)
939 2470 1150 2510 voculatio
1184 2471 1224 2509 in
1259 2484 1360 2510 voce
1395 2471 1573 2522 repetita
1607 2483 1689 2510 non
1723 2475 1926 2519 mutatur3

372 2538 445 2579 sed
478 2540 518 2578 in
554 2538 717 2579 duobus
753 2541 922 2580 eroticis
957 2541 1284 2593 epigrammatis,
1313 2555 1420 2594 quae
1445 2539 1520 2580 sub
1546 2541 1713 2581 nomine
1738 2539 1927 2580 Platonis

372 2609 526 2649 tradita
561 2616 657 2650 sunt
690 2610 800 2663 (VH
826 2614 920 2660 669,
952 2614 1065 2665 670),
1100 2611 1324 2652 artificium
1357 2611 1591 2651 adhibitum
1617 2618 1689 2652 est.
1755 2610 1928 2651 Erotica

372 2681 676 2732 epigrammata
695 2683 836 2721 omnia
852 2696 875 2721 a
890 2682 1143 2735 philosopho
1164 2681 1447 2723 abiudicanda
1466 2696 1556 2722 esse
1573 2681 1926 2722 Reitzensteinius

372 2758 484 2790 recte
531 2751 846 2804 demonstravit,
893 2767 991 2806 ergo
1032 2752 1265 2793 Leonidam
1310 2752 1353 2792 id
1400 2752 1622 2793 artificium
1667 2754 1846 2806 primum
1885 2753 1926 2791 in

373 2823 685 2873 epigrammatis
720 2822 962 2864 adhibuisse
999 2830 1111 2876 put0.

493 2892 541 2933 B.
581 2892 757 2933 Praeter
783 2895 1077 2947 repetitionem
1108 2894 1293 2935 eiusdem
1322 2896 1437 2935 vocis
1467 2901 1592 2948 poeta
1620 2894 1710 2934 aliis
1740 2892 1926 2934 artificiis

374 2963 514 3007 utitur,
554 2969 598 3002 ut
630 2977 797 3004 versum
837 2965 1070 3017 elegantem
1111 2964 1273 3005 reddat.
1342 2965 1393 3005 In
1432 2966 1574 3006 multis
1614 2965 1925 3018 epigrammatis
