2028 3533
714 922 941 975 Tabula
981 919 1333 988 argumenti.

1727 1040 1799 1068 1³⁵8·

252 1090 431 1124 Praefatio
460 1107 1705 1122 ......................
1781 1081 1806 1113 ’Τ

252 1149 366 1192 Caput
393 1147 426 1182 I:
456 1147 508 1181 De
527 1146 712 1180 Leonidae
731 1144 915 1178 Tarentini
935 1147 1063 1182 aetate,
1083 1143 1167 1183 vita,
1189 1141 1408 1176 auctoribus.
1430 1140 1569 1173 ratione
1588 1139 1706 1183 philo-

344 1208 490 1250 sophica
518 1224 1706 1239 .....................
1782 1199 1807 1232 8

344 1266 363 1310 ξ
393 1266 419 1298 1.
459 1264 514 1298 De
542 1264 726 1297 Leonidae
754 1266 871 1296 aetate
893 1266 1005 1305 ,atque
1032 1261 1107 1294 vita
1167 1284 1706 1294 ..........
1782 1258 1803 1290 8

344 1326 363 1369 ς’
390 1325 421 1357 2.
460 1323 514 1357 De
542 1323 713 1365 exemplis
753 1343 1707 1354 .................
1760 1317 1803 1350 10

344 1384 362 1427 ξ
389 1383 419 1415 3.
459 1381 513 1415 De
540 1382 678 1415 ratione
705 1380 958 1424 philosophica
989 1402 1706 1412 .............
1758 1377 1809 1409 20

253 1441 368 1485 Caput
386 1440 440 1474 11:
467 1440 523 1474 De
542 1439 725 1473 Leonidae
744 1438 926 1472 Tarentini
947 1440 1023 1472 arte
1041 1438 1199 1471 metrica.
1223 1457 1265 1461 —
1289 1436 1527 1480 Quaestiones
1551 1436 1708 1469 selectae
1758 1436 1803 1469 25

345 1500 364 1545 ξ
394 1501 423 1533 1.
462 1499 517 1533 De
545 1499 682 1542 legibus
710 1498 880 1531 Guilelmi
907 1495 1185 1540 Meyer-Speyer
1228 1520 1707 1530 .........
1759 1495 1804 1528 25

344 1558 363 1603 ξ
390 1558 421 1593 2.
459 1557 514 1591 De
541 1559 637 1591 exitu
663 1568 785 1590 versus
812 1580 1707 1589 ................
1758 1554 1808 1587 28»

253 1617 367 1660 Caput
386 1616 461 1650 III:
488 1615 543 1650 De
570 1616 866 1659 epigrammatum
896 1614 1158 1658 compositione
1228 1639 1707 1648 .........
1759 1612 1804 1646 30

252 1676 368 1719 Caput
386 1675 451 1709 IV:
478 1674 533 1709 De
561 1675 800 1708 collocatione
828 1674 1029 1707 verborum.
1058 1694 1101 1698 —
1130 1672 1370 1717 Quaestiones
1397 1673 1552 1706 selectae
1582 1698 1589 1705 .
1642 1699 1648 1704 .
1701 1698 1708 1705 .
1759 1671 1805 1705 36

344 1735 363 1779 ξ
392 1735 420 1768 1.
460 1733 514 1767 De
534 1734 630 1767 exitu
650 1734 927 1773 enuntiatorum,
957 1744 1048 1776 quae
1073 1733 1108 1765 in
1127 1743 1269 1766 versum
1295 1734 1504 1776 sequentem
1523 1734 1711 1765 transeunt
1760 1730 1806 1764 36

345 1794 364 1837 ξ
390 1794 420 1826 2.
460 1792 515 1826 De
542 1792 724 1836 anaphora
756 1815 1708 1826 .................
1760 1789 1804 1823 39

252 1850 368 1894 Caput
391 1851 431 1886 V:
459 1851 514 1885 De
542 1851 676 1885 artibus
702 1852 888 1884 vocalibus
933 1875 1708 1884 ..............
1759 1850 1810 1882 42

252 1910 367 1953 Caput
390 1909 455 1944 VI:
484 1910 667 1944 Leonidae
701 1921 754 1943 ars
788 1910 1085 1953 interpretatione
1119 1910 1375 1942 nonnullorum
1411 1909 1711 1952 epigrammatum

345 1970 543 2002 illustratur
577 1994 1709 2003 ....................
1760 1967 1804 2001 63

253 2028 458 2071 Appendix.
510 2027 565 2061 De
594 2039 648 2071 ep.
665 2027 740 2062 VH
767 2029 833 2062 662
872 2052 1710 2063 ...............
1760 2026 1810 2060 66
