2028 3533
775 390 849 407 ·—
913 381 1084 418 31—

167 498 253 539 Pan
280 498 469 547 alterum,
494 504 724 537 extremum
747 494 887 537 Liber.
930 494 1085 534 Preces
1109 493 1236 534 verbo
1261 495 1413 540 αὔξετε,
1442 492 1555 546 quod
1578 492 1716 545 lepide

167 569 329 608 initium
369 582 511 607 versus
553 572 748 619 occupat,
795 567 1099 618 exprimuntur,
1149 563 1222 603 sed
1263 565 1361 616 quia
1400 563 1528 603 Biton
1569 577 1592 603 a
1629 562 1716 603 deis

168 640 288 691 petit,
334 644 379 677 ut
425 637 592 677 domum
641 649 714 676 suo
761 637 936 688 quisque
982 634 1108 674 modo
1155 633 1342 684 decoret,
1388 635 1467 673 tria
1509 633 1719 673 adiectiva

168 709 446 749 inveniuntur.
494 708 764 760 Epigramma
786 707 913 758 igitur
935 705 1245 757 elegantissime
1270 705 1551 756 compositum
1575 709 1647 745 est.
1663 728 1719 733 —-

168 779 217 819 In
244 778 311 818 VI
336 781 386 820 13
422 785 505 818 tres
539 778 691 818 fratres
726 776 831 817 Pani
864 777 987 827 retia,
1024 789 1130 828 quae
1165 775 1218 815 ad
1252 776 1498 814 venationes
1533 774 1718 814 diversas

169 848 382 899 adhibent,
416 849 614 889 dedicant
646 854 688 888 et
710 861 732 887 a
757 847 836 887 deo
870 853 1029 900 petunt,
1064 854 1107 886 ut
1141 860 1215 886 suo
1250 859 1458 898 quemque
1492 846 1531 885 in
1567 851 1721 885 venatu

170 919 356 969 adiuvet3
392 920 641 971 compositio
677 925 738 957 est
772 916 895 957 laude
929 916 1073 969 digna,
1107 930 1203 956 nam
1236 917 1460 967 invocatio,
1496 914 1719 966 dedicatio,

170 1004 313 1043 preces
338 990 501 1042 singula
523 989 703 1029 disticha
729 988 906 1040 explent.
944 986 1108 1027 Deinde
1134 988 1317 1039 singulas
1340 1000 1406 1026 res
1425 985 1719 1038 descriptionis

170 1060 453 1100 Anacreontis
489 1059 617 1115 [XVI
641 1062 723 1100 306
748 1058 868 1113 (42)].
901 1058 1178 1098 Aristocratis
1210 1056 1317 1112 [VH
1341 1060 1425 1097 440
1449 1057 1558 1110 (43)]
1595 1062 1720 1108 atque

172 1132 357 1183 singulae
385 1137 525 1183 partes
550 1131 752 1171 orationis
778 1129 922 1181 Priapi
948 1127 1009 1185 [X
1037 1131 1056 1168 1
1084 1128 1190 1183 (50)]
1226 1128 1445 1181 perspicue
1480 1126 1721 1177 efferuntur,

173 1203 270 1254 quia
302 1203 341 1241 in
377 1202 547 1253 singulis
588 1200 777 1240 distichis
818 1207 1054 1240 tractantur
1094 1213 1226 1251 neque
1266 1199 1394 1238 ullum
1434 1197 1643 1238 distichon
1680 1198 1721 1236 in

172 1286 351 1325 sequens
381 1273 550 1321 transit3
582 1272 794 1311 orationes
826 1270 1024 1323 colloquii
1060 1269 1355 1309 discernuntur
1389 1267 1477 1324 [IX
1502 1271 1584 1308 3⁶20
1609 1267 1721 1321 (20);

172 1343 264 1383 Vll
294 1345 375 1383 503
407 1341 525 1397 (lOss.
589 1341 802 1381 Leonidas
846 1342 974 1393 igitur
1017 1342 1057 1380 in
1101 1341 1413 1393 epigrammatis
1455 1339 1645 1379 tractatis
1680 1337 1722 1377 id

173 1413 343 1465 studuit,
377 1420 422 1452 ut
456 1413 638 1471 singulas
672 1426 738 1452 res
771 1413 812 1451 in
847 1412 1018 1464 singulis
1054 1411 1244 1451 distichis
1279 1416 1491 1451 tractaret.

289 1484 339 1523 In
374 1483 640 1535 carminibus,
680 1483 734 1523 ad
775 1497 882 1536 quae
923 1497 1032 1522 nunc
1066 1490 1287 1531 transeam,
1323 1491 1449 1534 poeta
1483 1495 1564 1521 non
1598 1479 1723 1520 modo

172 1554 283 1595 idem
329 1561 490 1607 spectat
536 1553 607 1594 sed
655 1555 780 1593 etiam
827 1567 997 1606 operam
1045 1552 1128 1604 dat,
1175 1559 1219 1592 ut
1264 1551 1367 1592 ordo
1412 1553 1725 1592 enuntiatorum

174 1634 298 1678 atque
333 1624 554 1665 verborum
588 1626 628 1664 in
664 1624 852 1664 distichis
887 1624 1032 1664 similis
1067 1625 1130 1663 sit.
1189 1623 1339 1676 Neque
1373 1624 1482 1663 enim
1511 1621 1724 1662 Leonidas

173 1697 213 1736 in
241 1695 329 1735 VII
354 1698 434 1736 503
461 1695 551 1749 (10)
587 1696 687 1735 satis
720 1694 868 1735 habuit
898 1696 1273 1747 interrogationem
1311 1695 1437 1747 prius,
1477 1706 1725 1745 responsum

175 1767 348 1806 alterum
385 1765 592 1806 distichon
629 1767 806 1818 explere.
871 1765 953 1805 Sed
994 1767 1033 1805 in
1075 1767 1213 1818 priore
1248 1764 1428 1804 disticho
1463 1765 1725 1804 enuntiatum

175 1838 404 1890 principale
438 1836 623 1876 eiusdem
658 1836 929 1889 longitudinis
964 1844 1026 1876 est
1053 1843 1179 1888 atque
1207 1837 1467 1875 enuntiatum
1497 1833 1726 1875 secundum

175 1910 213 1948 in
243 1909 374 1948 altero
403 1907 582 1948 disticho
612 1915 652 1947 et
679 1909 941 1948 enuntiatum
969 1907 1200 1947 secundum
1227 1907 1568 1959 interrogationis
1600 1906 1726 1945 etiam

175 1984 238 2018 tot
270 1977 449 2032 syllabas
480 1977 606 2018 habet
633 1986 735 2031 quot
763 1979 993 2031 principale
1020 1979 1229 2031 responsi;
1265 1983 1306 2017 et
1331 1979 1372 2017 in
1401 1984 1577 2029 utroque
1605 1989 1728 2016 versu

175 2049 417 2089 hexametro
470 2063 643 2089 caesura
687 2050 790 2089 κατὰ
835 2051 965 2101 τρίτον
1009 2054 1203 2102 τροχαῖον
1248 2048 1408 2101 legitur.
1486 2045 1725 2088 Similitudo

178 2120 451 2160 distichorum
486 2133 533 2160 eo
569 2120 850 2168 confirmatur,
890 2119 1003 2172 quod
1044 2128 1084 2159 et
1123 2122 1162 2159 in
1204 2118 1388 2159 secundo
1429 2124 1469 2158 et
1501 2119 1542 2157 in
1577 2123 1726 2169 quarto

177 2205 297 2231 versu
335 2197 432 2243 post
474 2192 652 2243 primum
691 2190 954 2242 vocabulum,
1000 2190 1112 2243 quod
1158 2189 1305 2242 pedem
1353 2190 1531 2242 primum
1577 2188 1727 2240 explet,

179 2276 330 2302 novum
376 2263 636 2301 enuntiatum
681 2262 746 2301 vel
798 2275 905 2301 nova
949 2275 1045 2314 pars
1097 2262 1302 2300 enuntiati
1352 2260 1593 2309 inchoatum
1646 2272 1727 2311 quo

179 2332 354 2373 artificio
389 2346 511 2372 voces
545 2334 670 2377 εἴποις
704 2338 744 2372 et
776 2333 905 2373 ὤλεσε
938 2331 1177 2372 efferuntur.
1228 2330 1363 2371 Poeta
1396 2331 1520 2382 igitur
1553 2329 1727 2369 diversis

180 2402 337 2443 artibus
383 2402 553 2454 studuit,
600 2410 643 2442 ut
681 2417 927 2456 responsum
972 2403 1291 2454 interrogationi
1331 2403 1456 2441 etiam
1495 2402 1536 2441 in
1583 2399 1728 2441 ordine

179 2473 397 2514 verborum
427 2473 711 2526 responderet,
746 2487 869 2526 quam
894 2474 1101 2513 rationem
1125 2487 1219 2513 eum
1242 2472 1347 2513 bene
1371 2478 1609 2512 assecutum
1638 2484 1728 2510 esse

178 2550 291 2598 puto.
337 2569 392 2574 ——
435 2543 507 2584 IX
535 2548 590 2584 24
617 2544 706 2598 (21)
751 2545 791 2584 in
839 2543 1029 2594 disticha,
1074 2545 1115 2584 in
1161 2543 1312 2596 quibus
1358 2543 1460 2583 ordo
1507 2541 1729 2582 verborum

181 2614 488 2667 comparandus
523 2622 595 2666 est,
629 2614 758 2655 dividi
791 2620 941 2667 potest.
997 2614 1052 2654 Et
1084 2616 1124 2654 in
1158 2616 1292 2667 primo
1321 2621 1362 2654 et
1387 2615 1427 2654 in
1457 2614 1578 2653 tertio
1607 2625 1730 2652 versu

182 2685 392 2725 obiectum
425 2692 465 2725 et
488 2685 672 2729 verbum.
705 2687 745 2725 in
775 2685 958 2726 secundo
983 2692 1218 2738 quartoque
1242 2684 1447 2725 vocabula
1481 2684 1534 2724 ad
1567 2682 1729 2723 subiec-

182 2762 268 2795 tum
303 2757 523 2796 attinentia
556 2756 741 2808 legimus.
795 2755 1038 2797 Subiectum
1070 2758 1109 2796 in
1138 2757 1277 2809 priore
1305 2755 1484 2796 disticho
1513 2756 1552 2794 in
1581 2760 1730 2807 penta-

183 2833 327 2877 metro,
370 2828 411 2866 in
452 2828 683 2879 posteriore
723 2829 762 2866 in
803 2827 1047 2868 hexametro
1087 2841 1208 2867 versu
1254 2828 1472 2867 invenitur.
1547 2824 1731 2865 Nomina

183 2898 352 2949 propria
391 2897 519 2950 polite
560 2898 767 2938 collocata
806 2904 912 2949 sunt,
953 2912 1046 2937 nam
1082 2899 1237 2938 exitum
1274 2911 1415 2937 versus
1456 2904 1519 2936 ter
1552 2896 1731 2949 explent,

187 2966 420 3007 nominibus
453 2969 633 3021 propriis
666 2969 707 3008 in
741 2968 925 3009 secundo
959 2970 1168 3021 tertioque
1196 2982 1316 3008 versu
1352 2968 1497 3020 positis
1525 2981 1731 3008 summum
