2028 3533
801 328 1059 367 —9—

155 448 259 489 κατὰ
293 448 337 488 ὁὲ
368 448 440 500 τὴν
466 446 636 486 Ἰταλίαν
662 445 899 496 Ταραντῖνοι
930 444 1114 495 πόλεμον
1146 444 1307 495 ἔχοντες
1332 442 1438 494 πρὸς
1464 441 1709 485 Λευκανοὺς

155 519 224 559 καὶ
251 518 484 570 Ῥωμαίους
516 518 756 568 ἔξέπεμη,ναν
788 514 1042 567 πρεσβευτὰς
1068 515 1122 558 εἷς
1147 513 1219 566 τὴν
1247 513 1446 565 Σπάρτην
1476 513 1709 564 αἰτούμενοι

155 589 357 642 βοήθειαν
390 588 470 627 -καὶ
515 585 741 639 στρατηγὸν
786 585 1043 637 Κλεώνυμον
1079 617 1085 623 .
1123 617 1129 623 .
1167 617 1173 623 .
1207 584 1338 635 ἁδρᾶς
1378 582 1452 623 οὖν
1492 583 1710 634 ὃυνάλιιεως

155 660 246 712 περὶ
287 658 412 698 αὐτὸν
456 659 583 710 οὔσης
628 658 666 697 οἱ
707 657 784 708 μὲν
817 655 1024 695 Λευκανοὶ
1064 654 1389 706 καταπλαγέντες
1429 654 1566 706 φιλίαν
1602 654 1709 692 ἐποι-

156 731 308 783 ήσαντο
329 729 436 781 πρὸς
462 728 762 780 Ταραντίνους).
812 725 907 765 Non
940 725 1069 764 multo
1100 733 1195 776 post
1219 730 1333 777 (ante
1357 738 1509 763 annum
1537 726 1631 764 295.
1657 747 1707 752 ——-

157 799 208 841 cf.
233 799 405 847 Beloch‚
429 797 596 839 Grieoh.
621 796 774 838 Gesch.
797 796 871 836 ΠΙ
896 800 913 836 1
952 810 988 848 p.
1015 798 1116 843 210)
1152 794 1369 835 Tarentini
1396 793 1446 833 ab
1472 793 1710 845 Agathocle

156 871 406 923 petiverunt,
431 876 476 908 ut
500 883 542 908 se
567 868 785 908 adiuvaret
821 865 992 919 (Strabo
1011 865 1075 905 VI
1092 869 1193 906 28οε
1218 866 1286 905 καὶ
1311 865 1388 917 γὰρ
1411 865 1480 905 τὸν
1494 864 1711 904 ᾹῙολοττὸν

151 941 423 992 Ἀλέξανδρον
464 941 781 993 ,ιιετεπέμψαντο
817 938 879 977 ἐπὶ
921 937 1192 980 Meooam'ovg·
1235 937 1303 976 καὶ
1343 936 1598 979 Λευκανούς,
1643 935 1712 974 καὶ

157 1013 209 1052 ἔτι
246 1012 449 1063 πρότερον
483 1010 734 1063 Ἀρχίδαμον
772 1009 841 1049 καὶ
869 1008 1110 1061 Ἀγησίλαον
1142 1007 1212 1046 καὶ
1244 1007 1415 1058 ’ὕστερον
1447 1005 1712 1057 Κλεώνυμον

156 1083 225 1122 καὶ
252 1082 523 1133 Ἀγαθοκλέα,
557 1082 638 1121 εἶτα
665 1079 853 1132 Πύρρον,
888 1080 1008 1132 ἡνίκα
1037 1079 1289 1130 συνέστησαν
1315 1077 1421 1129 πρὸς
1442 1076 1712 1129 εΡοῃιιαιόυςῆ.

158 1152 389 1204 Postquam
414 1151 674 1203 Agathocles
697 1151 738 1189 in
763 1149 918 1201 Magna
943 1147 1125 1189 Graecia
1148 1162 1235 1187 rem
1261 1146 1365 1187 bene
1389 1148 1528 1199 gessit,
1553 1145 1713 1186 Lucani

159 1222 398 1263 Tarentinis
433 1221 586 1262 bellum
610 1220 764 1261 inferre
789 1219 963 1260 desiisse
987 1218 1191 1259 videntur.
1235 1217 1387 1258 Utrum
1411 1219 1714 1270 epigrammata

157 1292 374 1334 Leonidae
409 1292 461 1332 ad
496 1291 806 1344 expeditionem
842 1290 1092 1343 Agathoclis
1128 1303 1179 1329 an
1214 1288 1266 1328 ad
1302 1288 1458 1328 bellum
1493 1287 1714 1340 Oleonymi

159 1370 360 1417 spectent,
386 1378 466 1403 non
492 1369 686 1416 apparet3
719 1361 899 1402 fortasse
925 1362 1051 1400 etiam
1074 1367 1170 1413 post
1193 1374 1347 1400 annum
1373 1362 1455 1399 295
1480 1359 1716 1411 composita

159 1442 266 1486 sunt,
305 1435 403 1487 quia
443 1434 600 1485 leviora
639 1433 812 1486 proelia,
852 1446 959 1485 quae
1001 1430 1120 1471 nobis
1161 1430 1317 1470 tradita
1351 1444 1433 1470 non
1468 1437 1574 1481 sunt,
1608 1430 1716 1468 inter

158 1511 302 1558 gentes
336 1504 598 1545 turbulentas
634 1503 839 1544 accidisse
873 1511 1061 1556 possunt.
1115 1502 1276 1542 Versus
1310 1508 1406 1541 ante
1441 1514 1593 1540 annum
1621 1502 1715 1546 280.

161 1589 243 1628 quo
280 1575 441 1615 Lucani
473 1589 614 1628 pugna
648 1574 700 1614 ad
726 1574 982 1614 Heracleam
1007 1574 1232 1613 commissa
1257 1571 1309 1612 ad
1334 1571 1539 1625 Pyrrhum
1567 1571 1715 1610 trausi-

160 1654 292 1698 erunt‚
326 1647 462 1686 factos
497 1660 587 1686 esse
617 1652 794 1685 constat.
831 1670 886 1674 —-
922 1645 970 1684 In
999 1643 1071 1684 IX
1099 1648 1150 1684 25
1176 1645 1265 1697 (44)
1297 1641 1511 1682 Leonidas
1536 1642 1717 1681 Aratum

160 1716 356 1767 celebrat,
390 1718 487 1769 quia
521 1717 675 1768 stellas,
709 1730 812 1768 quas
836 1715 1036 1768 (luppiter
1069 1716 1237 1765 creavit,
1270 1713 1495 1753 lucidiores
1520 1711 1715 1752 reddidit.

160 1787 352 1839 Librum,
404 1789 474 1840 qui
519 1786 761 1827 inscribitur
811 1787 1061 1839 Φαινόμενα,
1112 1787 1227 1825 iussu
1273 1784 1479 1836 Antigoni
1520 1781 1716 1824 Gonatae

161 1859 437 1911 compositum
492 1872 581 1898 esse
634 1857 695 1897 his
748 1857 849 1897 locis
898 1856 1096 1896 traditur:
1151 1857 1309 1897 ἐκείνου
1355 1856 1427 1908 (sc.
1465 1854 1716 1907 Ἀντιγόνου)

159 1931 427 1974 κελεύσαντος
465 1931 624 1982 ἔγραψε
661 1929 708 1969 τὰ
748 1929 980 1981 φαινόμενα
1021 1962 1027 1968 .
1058 1960 1065 1967 .
1095 1961 1102 1969 .
1141 1928 1213 1980 τὴν
1253 1927 1296 1967 δὲ
1333 1930 1417 1966 τῶν
1450 1927 1717 1978 φαινομένων

159 2001 360 2041 ὑπόθεσιν
385 2001 594 2053 παρέβαλε
621 2001 736 2052 αὗτῴ
764 2000 1027 2051 ὁἈντίγονος
1067 1999 1170 2051 (Vita
1192 1997 1316 2037 Arati
1341 1997 1425 2038 [H.
1450 1995 1514 2036 ed.
1533 1995 1716 2035 Wester-

159 2072 324 2125 mann);
369 2072 608 2124 προετράπη
648 2070 717 2111 ὑπ’
757 2071 884 2110 αὐτοῦ
926 2070 998 2121 (80.
1034 2074 1106 2109 τοῦ
1138 2069 1358 2122 βασιλέως)
1392 2068 1438 2108 τὰ
1479 2068 1717 2119 Φαινόμειά

161 2143 318 2195 γράψαι
346 2142 449 2195 (vita
474 2141 527 2195 l),
562 2141 669 2181 hanc
703 2141 945 2180 memoriam
981 2139 1035 2180 ad
1068 2139 1285 2179 falsarium
1313 2137 1481 2178 reduxit
1504 2138 1552 2180 E.
1576 2137 1716 2177 Maass

161 2212 343 2265 (Aratea
376 2227 413 2265 p.
438 2214 552 2265 237),
586 2218 725 2252 tamen
756 2212 976 2251 veritatem
1002 2209 1214 2263 quandam
1239 2209 1410 2249 subesse
1435 2208 1717 2248 Wilamowitz

162 2281 297 2337 (Gott.
326 2282 482 2324 Nachr.
515 2285 625 2324 1894
658 2297 696 2335 p.
730 2284 830 2335 198)
871 2280 1077 2335 probavit.
1147 2279 1259 2334 Quia
1296 2280 1456 2320 Aratus
1498 2293 1578 2320 non
1621 2285 1718 2319 ante

163 2357 244 2394 276
285 2353 397 2407 apud
437 2367 578 2405 regem
618 2359 804 2393 moratus
845 2359 918 2403 est,
959 2358 999 2392 et
1037 2365 1188 2404 poema
1221 2350 1346 2391 Arati
1387 2356 1428 2390 et
1461 2351 1720 2403 epigramma

162 2423 381 2465 Leonidae
426 2432 522 2477 post
567 2438 721 2464 annum
770 2427 852 2464 276
893 2424 1171 2476 compositum
1208 2429 1280 2462 est.
1350 2421 1400 2462 In
1438 2423 1587 2461 ceteris
1633 2422 1718 2474 epi-

161 2497 405 2548 grammatis
448 2494 667 2535 Leonidae
707 2494 809 2534 nihil
848 2495 1069 2547 invenitur,
1110 2492 1223 2546 quod
1262 2492 1317 2533 ad
1350 2499 1532 2532 aetatem
1568 2497 1718 2545 poetae

161 2567 382 2619 pertineat.
434 2565 568 2606 Poeta
600 2567 727 2618 igitur
760 2572 801 2605 et
834 2572 929 2605 ante
965 2579 1120 2605 annum
1155 2566 1236 2604 295
1272 2570 1313 2604 et
1336 2570 1432 2616 post
1455 2577 1609 2603 annum
1636 2563 1718 2602 276

162 2650 305 2677 versus
338 2637 449 2678 fecit.

280 2707 540 2748 Accuratam
562 2709 788 2760 imaginem
811 2708 922 2746 vitae
947 2712 1098 2759 poetae
1123 2707 1357 2759 exprimere
1383 2718 1463 2745 non
1484 2718 1719 2757 possumus.

164 2777 339 2818 Praeter
378 2778 578 2819 nonnulla
617 2779 804 2818 carmina
843 2777 1061 2818 Tarentini
1101 2791 1164 2830 ep.
1188 2776 1280 2816 VII
1311 2778 1392 2816 715
1432 2774 1719 2815 adhibendum

165 2855 238 2900 est,
277 2848 391 2902 quod
424 2848 660 2889 Leonidam
695 2849 981 2902 composuisse
1014 2847 1243 2889 Jacobsius
1278 2853 1390 2887 recte
1425 2846 1603 2897 negavit.
1667 2845 1719 2885 [n

164 2919 235 2959 illo
282 2921 477 2971 carmine,
525 2919 638 2972 quod
684 2919 863 2960 formam
904 2920 1014 2959 tituli
1049 2918 1295 2971 sepulcralis
1330 2916 1548 2957 Leonidae
1582 2915 1721 2959 habet.
