2028 3533
801 817 1115 869 PraefatiO.

301 933 511 974 Numerus
528 935 875 986 epigrammatum
893 932 1110 973 Leonidae
1126 933 1355 985 Tarentini,
1371 947 1478 986 quae
1494 947 1604 974 anno
1624 936 1734 974 1896

182 1003 454 1045 Geffckenius
477 1004 701 1056 diligenter
719 1003 852 1044 edidit
867 1003 1483 1057 (Fleck.Ann.Suppl.XXIlI
1498 1019 1536 1057 p.
1551 1007 1736 1056 1—164),

182 1081 359 1127 augetur
398 1082 439 1115 et
474 1077 776 1128 epigrammate
810 1073 1084 1126 dedicatorio,
1119 1074 1233 1127 quod
1265 1076 1306 1114 in
1339 1088 1500 1128 papyro
1534 1076 1736 1128 scriptum

182 1159 314 1203 nuper
346 1151 557 1198 repertum
591 1152 655 1185 est
687 1144 808 1199 (Pap.
833 1158 945 1198 oxyr.
968 1144 1035 1185 IV
1053 1145 1166 1199 662),
1200 1151 1241 1185 et
1273 1147 1574 1198 epigrammate
1599 1146 1736 1198 sepul-

182 1216 283 1256 crali
312 1215 403 1256 VII
437 1219 519 1257 662
555 1215 729 1257 Anthol.
752 1215 898 1267 palat„
933 1215 1046 1268 quod
1078 1215 1317 1256 Leonidam
1350 1217 1637 1268 composuisse
1670 1230 1738 1257 me

182 1286 525 1328 confirmaturum
559 1300 649 1326 esse
683 1300 805 1339 spero
841 1287 910 1339 (cf.
938 1300 975 1339 p.
1008 1288 1060 1327 66
1077 1289 1192 1339 sqq.).
1232 1312 1286 1315 —
1329 1286 1384 1327 Ut
1422 1288 1648 1340 praecipue
1685 1287 1736 1328 de

182 1356 340 1398 artibus
374 1356 590 1397 vocalibus
615 1356 833 1397 Leonidae
857 1356 1075 1397 Tarentini
1100 1357 1360 1409 dissererem,
1390 1357 1491 1397 mihi
1514 1360 1737 1411 proposui3

182 1442 265 1481 qua
286 1429 327 1468 in
353 1427 640 1481 disputatione
664 1442 746 1468 non
771 1427 896 1468 modo
921 1435 1213 1480 argumentum
1238 1427 1311 1468 sed
1335 1430 1460 1468 etiam
1486 1430 1740 1481 compositio

182 1501 530 1552 epigrammatum
571 1505 696 1551 atque
736 1499 960 1539 collocatio
1000 1498 1223 1539 verborum
1263 1499 1363 1539 mihi
1402 1499 1625 1539 tractanda
1664 1508 1741 1540 est.

183 1569 240 1611 Ut
270 1571 445 1609 virtutes
469 1576 620 1622 poetae
645 1577 966 1622 cognoscantur,
998 1569 1087 1609 fieri
1112 1583 1195 1610 non
1218 1576 1369 1622 potest,
1397 1571 1496 1622 quin
1519 1569 1739 1610 Leonidae

183 1641 370 1680 carmina
403 1654 496 1680 cum
531 1641 844 1694 epigrammatis
879 1647 919 1680 et
951 1647 1172 1693 poetarum
1205 1642 1390 1693 priorum
1425 1647 1467 1681 et
1499 1641 1739 1693 aequalium

183 1718 223 1751 et
256 1725 411 1754 eorum,
446 1712 516 1764 qui
550 1710 825 1751 Tarentinum
859 1712 1012 1751 imitati
1045 1719 1152 1763 sunt,
1186 1718 1494 1764 comparentur.

301 1781 563 1834 Opusculum
584 1783 660 1821 viri
681 1781 795 1822 docti
813 1781 995 1822 Veniero
1013 1783 1043 1836 (i
1058 1783 1174 1834 poeti
1191 1781 1242 1822 de
1259 1781 1389 1824 l'Ant.
1407 1781 1512 1836 Pal.)
1531 1783 1740 1835 inspicere

182 1853 282 1892 mihi
324 1866 403 1892 non
445 1853 574 1900 licuit,
622 1852 673 1892 de
714 1852 836 1893 rebus
877 1852 930 1892 ad
964 1852 1105 1893 studia
1138 1859 1281 1893 nostra
1314 1852 1621 1906 pertinentibus
1656 1853 1740 1893 dis-

181 1924 394 1976 putavisse
434 1923 619 1964 Veniero
666 1938 745 1964 non
793 1923 960 1964 videtur
993 1924 1063 1973 (cf.
1095 1923 1204 1965 Bull.
1241 1923 1282 1963 di
1317 1923 1414 1964 filol.
1446 1922 1577 1965 Class.
1613 1923 1739 1964 XIII

181 2008 219 2047 p.
245 1996 345 2044 1243
381 1993 482 2035 Rev,
512 1994 554 2034 di
582 2002 680 2036 stor.
711 2001 793 2035 ant.
821 1997 930 2035 1906
965 2009 1002 2047 p.
1030 1997 1131 2045 1383
1168 1995 1370 2035 Bursians
1404 1994 1600 2035 Jahrber.
1627 1998 1737 2036 1907

182 2079 220 2117 p.
251 2067 430 2117 296sq.).
512 2065 802 2117 Mouquetius,
854 2067 924 2118 qui
970 2064 1189 2105 Tarentini
1236 2066 1423 2105 carmina
1466 2067 1505 2105 in
1553 2066 1737 2118 linguam

183 2133 592 2176 Franco—Gallorum
626 2137 751 2175 vertit
785 2135 886 2189 (Les
921 2137 1048 2189 epigr.
1074 2136 1124 2176 de
1158 2135 1205 2177 L.
1240 2136 1290 2176 de
1324 2135 1419 2176 Tar.
1457 2139 1566 2176 1906
1602 2135 1740 2189 Line),

183 2207 486 2259 epigrammata
511 2205 728 2246 Tarentini
753 2206 804 2246 ab
821 2206 1101 2246 Alexandrini
1127 2221 1206 2247 non
1233 2206 1442 2256 distinxit3
1466 2206 1739 2260 quamobrem

182 2275 401 2316 Tarentini
434 2278 560 2317 vitam
595 2279 635 2316 in
671 2277 936 2330 praefatione
971 2292 1052 2317 non
1087 2284 1199 2317 recte
1234 2277 1444 2319 describit.
