2028 3533
922 327 1213 364 —24—

290 452 439 500 potest.
509 443 722 484 Leonidas
769 449 925 482 certam
973 439 1283 493 philosophiam
1332 453 1411 479 non
1463 438 1738 491 sequebatur3
1792 437 1843 478 de

292 517 459 570 Cynicis
484 528 626 555 vorsus
652 513 764 564 fecit,
788 513 887 564 quia
911 510 1180 564 philosophia
1205 508 1363 562 Cynica
1387 516 1473 549 tum
1498 509 1620 549 valde
1645 508 1844 559 florebatg

292 586 499 627 nonnullis
540 582 795 624 carminibus
837 581 887 631 dc
928 579 1051 621 rebus
1092 580 1144 620 ad
1178 581 1307 620 vitam
1348 587 1498 633 poetae
1532 578 1842 632 pertinentibus

291 658 437 708 agitur,
462 657 502 695 in
528 655 619 694 aliis
644 654 888 704 sentcntiae,
912 666 1016 704 quas
1038 650 1292 691 Tarentinus
1317 652 1500 704 exponit,
1524 659 1607 690 tam
1633 650 1845 702 simplices

293 732 400 776 sunt,
435 732 479 765 ut
512 738 592 765 non
629 725 692 775 sit,
727 736 800 762 cur
834 736 1032 775 negemus
1067 735 1159 762 cum
1195 722 1286 761 illas
1319 723 1455 774 ipsum
1490 722 1711 761 invenisse.

408 794 661 835 Addiderim
702 807 838 846 pauca
874 791 999 832 verba
1040 792 1090 832 de
1124 791 1215 832 VH
1250 794 1332 833 648
1368 793 1471 845 (92).
1536 790 1843 832 Aristocratem

291 874 548 916 narrantem,
601 864 700 917 quid
753 863 804 904 de
855 864 1122 903 matrimonio
1169 871 1356 913 censeat,
1408 862 1623 903 Leonidas
1673 861 1845 903 inducit.

291 937 448 978 Omnes
489 938 600 976 viros
639 935 853 975 mulierem
895 936 934 974 iu
976 935 1289 974 matrimonium
1330 933 1501 985 ducere,
1541 935 1666 973 etiam
1713 934 1844 973 virum

289 1009 597 1062 pauperrimum
613 1005 900 1046 Aristocrates
924 1004 1050 1057 iubet,
1068 1019 1162 1044 nam
1187 1005 1314 1056 illum,
1335 1019 1428 1044 cum
1449 1003 1602 1044 liberos
1617 1003 1846 1057 possideat,

289 1080 377 1118 viro
417 1078 534 1118 diviti
581 1092 624 1117 se
664 1076 856 1117 conferre
895 1090 1031 1129 posse.
1102 1074 1315 1116 Leonidas
1357 1076 1511 1128 pergit:
1557 1073 1845 1115 Aristocrates

289 1155 450 1189 rectum
507 1148 729 1199 intellexit,
789 1146 863 1187 sed
920 1147 1143 1187 scelestum
1201 1146 1385 1186 mulieris
1444 1147 1627 1186 animum
1686 1145 1847 1185 oderat.

289 1218 341 1261 G.
376 1233 549 1259 acumen
585 1232 675 1258 esse
708 1224 849 1271 putat:
897 1217 1072 1258 Ko'nnte
1108 1231 1201 1257 man
1238 1216 1345 1257 doch
1380 1216 1548 1257 Kinder
1581 1216 1689 1257 ohne
1721 1215 1846 1256 Weib

289 1290 551 1331 bekommen.
605 1288 666 1329 At
694 1303 786 1329 mea
813 1284 981 1341 quidem
1011 1289 1219 1329 sententia
1246 1301 1429 1328 conexus
1464 1294 1527 1328 est
1560 1287 1645 1327 hic:
1680 1286 1853 1328 A1·ist0-·

289 1368 424 1401 crates
459 1361 772 1400 matrimonium
807 1367 847 1400 et
882 1360 1108 1412 praecipue
1142 1360 1274 1398 virum
1314 1359 1455 1398 multis
1496 1357 1637 1398 liberis
1677 1365 1846 1398 auctum

289 1431 445 1482 laudat,
479 1431 693 1471 Leonidas
727 1430 769 1470 id
804 1437 962 1470 rectum
999 1436 1118 1483 putat
1151 1435 1192 1469 et
1224 1431 1377 1482 pergit:
1425 1429 1712 1469 Aristocrates
1746 1429 1846 1469 utile

289 1504 421 1553 scivit,
456 1501 528 1542 sed
562 1503 757 1542 mulieres
792 1501 952 1553 oderat,
987 1515 1068 1554 quo
1104 1501 1320 1541 enuntiato
1355 1501 1538 1553 exponit,
1572 1499 1846 1553 quamobrem

287 1574 357 1613 ille
391 1575 479 1626 ipse
510 1573 666 1613 nullam
697 1572 912 1613 mulierem
947 1574 986 1612 in
1023 1572 1334 1612 matrimonium
1363 1571 1542 1612 duxerit.
1596 1570 1705 1611 Nam
1733 1570 1847 1624 quod

288 1646 329 1685 in
359 1659 477 1684 versu
513 1657 624 1684 nono
652 1644 828 1696 legimus
853 1644 941 1697 ᾔδει
969 1644 1013 1683 τὸ
1039 1645 1226 1696 κρήγυον
1250 1641 1547 1696 (supplendum
1576 1649 1639 1682 est
1665 1641 1748 1682 ἀλλ’
1769 1643 1847 1682 οὐκ

289 1716 510 1769 ἐποίησεν),
544 1715 657 1754 illum
694 1713 896 1755 caelibem
930 1714 1060 1754 fuisse
1095 1713 1393 1767 suspicandum
1431 1720 1503 1753 est.
1566 1713 1718 1766 Itaque
1751 1719 1848 1765 post

287 1800 451 1826 versum
478 1800 631 1826 nonum
653 1786 873 1839 (κρήγυον)
892 1786 1166 1838 interrogatio
1190 1798 1333 1825 eorum
1353 1785 1423 1837 qui
1446 1785 1590 1837 legunt
1613 1783 1847 1837 supplenda

288 1865 363 1897 est.
416 1855 531 1910 (Qua
558 1856 610 1896 de
638 1870 765 1896 causa
792 1855 1080 1897 Aristocrates
1105 1857 1194 1908 ipse
1223 1869 1246 1895 a
1270 1856 1551 1906 matrimonio,
1585 1853 1698 1907 quod
1725 1853 1847 1894 valde

288 1927 445 1979 laudat,
464 1926 731 1982 abhorruit‘?)
770 1926 985 1967 Leonidas
1005 1933 1192 1967 extremo
1216 1927 1256 1966 in
1276 1940 1397 1966 versu
1423 1925 1616 1966 omnibus
1638 1926 1698 1965 ita
1720 1927 1847 1965 inter-

288 1998 534 2051 rogantibus
568 1998 817 2052 respondet3
851 2005 977 2051 poeta
1010 1998 1137 2050 igitur
1169 1999 1373 2037 acuminis
1408 2011 1535 2037 causa
1558 2010 1701 2037 versus
1735 1996 1848 2040 fecit,
