2028 3533
931 358 985 361 —
1050 335 1102 371 50
1168 356 1221 359 -

303 469 439 505 voces.
467 468 572 506 quae
599 466 758 492 versum
790 451 1027 499 terminant,
1056 447 1218 488 duabus
1240 450 1278 488 in
1303 447 1473 501 syllabis
1495 447 1662 487 easdem
1686 447 1852 487 vocales

303 524 516 579 praebent.
582 523 660 563 His
694 521 816 561 rebus
851 519 1116 561 hemistichia
1149 519 1340 559 similiter
1372 527 1542 559 sonant:

513 605 732 658 στοιχηὸον
766 606 897 659 ’Exorat
921 603 934 656 ΙΙ
959 619 977 641 τ
999 602 1237 657 ἇμφιβθλωῖ
1261 603 1264 653 Ι
1293 601 1489 653 >castlar-1²4:

516 676 703 715 ΙΙαλλαὸι
735 690 829 717 τους
863 674 886 712 ὃ
920 690 942 712 o
973 673 1101 725 μελας
1124 673 1139 725 ΙΙ
1163 671 1406 726 ἇμφεχανὲν
1434 672 1438 726 Ι
1468 671 1664 715 θανατός.

423 771 468 810 ln
505 771 627 809 tertio
662 782 781 808 versu
817 768 1130 821 epigrammatis
1161 766 1227 806 lX
1249 770 1330 807 322
1355 766 1447 819 (18)
1477 772 1697 818 utrumque
1726 765 1854 805 hemi-

303 841 496 882 stichium
531 854 555 879 a
588 839 719 879 tribus
753 837 970 879 vocabulis
1012 838 1214 891 expletur,
1260 839 1299 877 in
1341 836 1527 877 secundo
1561 845 1600 876 et
1634 838 1672 876 in
1709 837 1854 889 quinto

302 912 408 966 pede
437 909 597 964 syllaba
622 927 691 961 τοι,
720 911 758 949 in
789 911 913 949 tertio
942 917 1067 962 atque
1095 909 1135 948 in
1165 916 1283 948 sexto
1308 908 1464 948 vocalis
1493 924 1528 947 ω
1555 908 1639 947 ictu
1669 906 1856 955 effertur3

304 985 343 1023 in
373 984 506 1036 primo
534 980 640 1034 pede
669 980 825 1021 vocalis
859 996 896 1031 α,
922 981 962 1020 in
993 986 1142 1033 quarto
1171 978 1426 1032 dipthongus
1454 995 1504 1029 αι,
1533 991 1639 1030 quae
1667 977 1858 1017 similiter

303 1060 428 1106 atque
462 1069 487 1093 α
521 1058 653 1104 sonat,
693 1053 821 1091 iotum
862 1050 999 1091 habet.
1068 1050 1117 1090 Iu
1161 1056 1338 1103 utroque
1378 1049 1643 1089 hemistichio
1678 1049 1856 1101 primum

303 1123 553 1165 vocabulum
588 1129 650 1162 est
683 1121 949 1173 adieetivum,
983 1121 1158 1161 alterum
1192 1120 1411 1173 particula.
1464 1119 1530 1160 Ne
1558 1133 1693 1172 aequa
1726 1126 1857 1159 struc-

302 1202 397 1235 tura
429 1193 788 1234 hemistichiorum
826 1193 946 1235 nimis
988 1191 1175 1232 dilucida
1213 1192 1277 1243 sit,
1318 1191 1580 1231 enuntiatum
1619 1191 1658 1230 in
1694 1203 1857 1230 versum

303 1272 548 1318 sequentem
581 1265 742 1316 transit,
777 1277 873 1303 nam
901 1265 1079 1316 primum
1106 1263 1241 1303 locum
1272 1262 1523 1315 pentametri
1551 1260 1857 1302 substantivum

302 1336 455 1389 explet,
474 1335 586 1388 quod
612 1349 705 1375 eum
724 1334 860 1375 verbis
886 1335 1080 1374 extremis
1100 1347 1243 1374 versus
1262 1333 1495 1373 hexametri
1521 1330 1858 1384 ooniungendum
1887 1363 1890 1366 ,

303 1415 366 1448 est
401 1414 440 1447 et
472 1407 564 1446 voci
598 1411 730 1447 κῶνοι
770 1405 1017 1458 responden
1058 1404 1098 1444 id
1134 1405 1302 1449 ἇσπιδες
1341 1403 1519 1444 diaeresi
1554 1402 1605 1442 ab
1640 1403 1858 1443 enuntiato

303 1479 495 1531 sequenti
530 1484 769 1530 separatur:

519 1560 727 1601 ἄκλαστοὶ
756 1576 833 1612 μεν
866 1559 1001 1600 κῶνοι
1025 1559 1038 1612 ΙΙ
1064 1559 1323 1611 αναῖμακτοῖ
1355 1558 1399 1597 δι’
1433 1557 1620 1610 γανώσα(

589 1631 770 1681 &anche-5,
801 1633 805 1682 Ι
834 1630 1057 1672 ἄκλαστοὶ
1078 1630 1092 1683 ΙΙ
1117 1629 1141 1671 ὃ
1177 1630 1228 1670 αἱ
1258 1628 1481 1683 κλαὸαραῖ
1510 1628 1717 1681 καμακὲς.

305 1726 404 1767 Hoc
443 1727 482 1766 in
526 1728 827 1779 epigrammate
867 1726 1013 1765 similis
1053 1739 1179 1765 sonus
1215 1726 1254 1764 in
1291 1723 1438 1764 eodem
1474 1723 1619 1764 ordine
1652 1723 1861 1763 vocalium

306 1799 391 1837 ictu
417 1798 619 1838 elatarum
646 1799 802 1837 nititur.
828 1822 880 1826 —
907 1794 1021 1850 Quid
1044 1804 1172 1850 poeta
1195 1796 1384 1846 voluerit,
1409 1809 1429 1834 e
1453 1794 1498 1834 X
1525 1797 1560 1846 1,
1585 1797 1621 1846 6,
1645 1796 1669 1834 8
1694 1807 1860 1846 quoque

305 1870 574 1921 perspicuum
616 1876 690 1910 est.
760 1868 949 1921 Uterque
989 1881 1131 1907 versus
1171 1881 1195 1907 a
1233 1867 1427 1906 vocativo
1466 1865 1700 1917 inchoatur,
1739 1878 1863 1917 quem

307 1939 628 1993 monosyllabon
665 1940 871 1992 sequitur3
906 1938 1059 1979 deinde
1094 1937 1201 1978 duae
1231 1951 1355 1977 voces
1379 1938 1584 1988 leguntur,
1617 1949 1724 1988 quae
1749 1943 1862 1975 utro-

308 2025 389 2063 que
438 2012 478 2050 in
525 2025 646 2051 versu
694 2010 866 2050 eaedem
906 2017 1012 2060 sunt,
1058 2010 1247 2062 sequitur
1286 2007 1446 2061 syllaba
1486 2007 1676 2047 similiter
1709 2019 1862 2046 sonans

307 2083 389 2134 (εφ.
423 2082 501 2136 επ),
535 2082 692 2122 exitum
726 2081 864 2133 explet
898 2079 1216 2131 substantivum,
1249 2078 1363 2132 quod
1390 2080 1431 2118 in
1460 2095 1510 2132 ην
1534 2077 1658 2118 cadit.
1711 2077 1863 2130 Itaque

309 2160 436 2205 poeta
481 2166 562 2193 non
603 2154 705 2193 satis
745 2151 891 2192 habuit
929 2153 968 2191 in
1009 2165 1130 2191 versu
1171 2159 1320 2191 octavo
1354 2163 1490 2200 voces,
1523 2147 1673 2202 quibus
1706 2149 1788 2188 iam
1822 2148 1863 2188 in

309 2231 427 2264 sexto
474 2238 594 2263 versu
642 2237 739 2264 usus
786 2230 860 2264 est.
907 2229 1108 2275 repetere,
1152 2221 1223 2261 sed
1260 2220 1385 2261 verba
1419 2221 1609 2260 similiter
1642 2219 1865 2259 collocavit

309 2301 437 2346 atque
477 2294 658 2347 syllabas
698 2294 786 2335 fere
827 2293 1005 2334 eundem
1047 2307 1193 2333 sonum
1234 2291 1437 2332 habentes
1471 2289 1674 2331 adhibuit.
1735 2289 1864 2330 Hunc-

309 2366 350 2404 in
386 2365 556 2405 modum
591 2365 908 2405 similitudinem
942 2365 1032 2405 soni
1065 2370 1193 2416 poeta
1226 2369 1441 2403 assecutus
1476 2369 1556 2402 est:

556 2460 712 2500 ναῧτιλε
741 2459 744 2514 Ι
773 2461 848 2500 καῖ
872 2459 875 2512 Ι
903 2458 1076 2507 πλωοῖς
1100 2458 1114 2511 ΙΙ
1137 2457 1292 2498 πᾶσαν
1323 2459 1443 2512 eque&
1476 2455 1644 2511 οθονῆν

556 2530 752 2584 drapum>
782 2529 785 2586 Ι
815 2530 875 2575 (ἧς
903 2530 906 2585 Ι
935 2529 1107 2574 πλωοῖς
1131 2528 1144 2583 ΙΙ
1167 2528 1323 2569 πᾶσαν
1354 2543 1414 2569 επ
1447 2526 1668 2581 ἦιιποριῆν.

312 2624 489 2665 Poetam
530 2624 581 2665 de
621 2625 746 2665 simili
787 2638 889 2665 sono
930 2638 1125 2664 versuum
1165 2624 1351 2676 gavisum
1388 2635 1478 2662 esse
1513 2635 1534 2660 e
1568 2620 1631 2660 his
1665 2619 1866 2672 exemplis

312 2710 480 2748 quoque
521 2695 751 2749 apparebit,
792 2709 969 2749 quorum
1010 2694 1212 2734 nonnulla
1251 2699 1449 2733 accurate
1482 2698 1662 2731 tractata
1697 2697 1791 2730 sunt
1824 2691 1866 2730 in

311 2773 500 2806 extremo
536 2768 690 2819 capite:

345 2859 741 2912 V117316,2,4(39>
775 2863 916 2906 εἴπων,
947 2860 950 2915 Ι
978 2860 1082 2914 μήθ
1106 2860 1228 2908 οστὶς
1250 2859 1265 2912 ΙΙ
1288 2858 1346 2911 μῆ
1376 2857 1380 2907 Ι
1410 2874 1514 2901 τινος
1547 2856 1738 2904 &smack

845 2933 948 2984 σῖγη,
978 2931 982 2986 Ι
1009 2930 1103 2985 μήὸ
1127 2930 1276 2978 ουτῶς
1299 2929 1313 2983 ΙΙ
1339 2929 1387 2982 ἦν
1416 2929 1421 2982 Ι
1450 2930 1586 2973 ανυεῖς
1617 2928 1803 2971 τελεσαῗς.

2022 717 2028 866 ..μ’
2021 680 2028 705 -.
2021 524 2028 673 ——-——
2026 503 2028 506 .

2023 1722 2028 1741 -
2020 1298 2028 1701 —....——--—.-———-——.....
2018 955 2028 1285 -..Qu-4..
