2028 3533
715 371 1006 409 -51—

87 485 209 538 V23,
235 489 270 538 2,
295 490 321 527 4
345 488 428 537 (63)
453 495 493 526 et
515 487 554 526 in
580 486 619 526 V
639 489 732 537 145,
756 490 781 526 4
805 488 900 537 (51),
924 486 1181 539 anaphoram
1207 501 1411 539 nusquam
1435 489 1634 540 scriptam

86 565 274 597 tenemus
310 558 386 596 nisi
418 557 460 596 in
495 557 662 596 eroticis
696 558 912 609 poematis,
953 556 1103 597 deinde
1144 557 1244 596 talia
1283 557 1460 597 artificia
1494 559 1635 610 qualia

86 628 127 667 in
168 627 479 680 epigrammatis
520 627 687 667 eroticis
727 628 916 666 tractatis
962 627 1147 680 alioquin
1194 641 1397 680 nusquam
1440 629 1639 680 leguntur

87 697 154 750 (cf.
198 702 417 750 praeterea
463 698 503 736 in
553 697 852 749 epigrammate
901 699 1058 737 erotico
1103 697 1200 737 XII
1231 700 1285 738 43
1320 698 1410 751 (28)
1457 699 1634 738 similem

87 769 242 808 exitum
293 767 653 807 hemistichiorum
701 781 843 807 versus
890 769 995 808 sexti
1043 770 1145 821 ἠχώ,
1184 769 1292 821 ἔχεί).
1361 768 1469 808 Tum
1509 776 1634 821 poeta

87 838 219 890 legem
259 843 451 890 quartam
490 837 659 890 Meyeri,
699 851 823 890 quam
862 839 902 877 in
943 837 1106 890 hymnis
1146 853 1310 891 semper
1348 838 1553 891 observat,
1592 840 1633 879 in

86 908 126 949 V
143 911 179 960 6,
204 911 227 947 2
252 908 339 961 (25)
356 909 447 948 soni
470 908 613 948 similis
639 921 765 948 causa
781 908 953 960 negligit
968 908 1086 962 (μήτε
1100 910 1220 962 φίλον
1244 909 1258 964 Η
1283 944 1290 951 .
1310 942 1316 949 .
1336 941 1343 949 .
1364 911 1466 963 μήτε
1481 911 1635 963 φίλην).

86 978 353 1019 Postremum
398 980 439 1018 in
486 979 798 1031 epigrammatis
844 979 1011 1019 eroticis
1061 979 1230 1019 easdem
1280 993 1405 1020 voces
1455 979 1638 1020 libenter

86 1051 248 1102 repetit.
313 1047 474 1102 Quibus
508 1063 529 1089 e
563 1050 698 1089 causis
728 1047 1031 1090 Callimachum
1065 1049 1242 1090 artificia
1274 1051 1436 1091 vocalia
1469 1051 1508 1090 in
1545 1064 1636 1090 car-

85 1119 267 1160 minibus
314 1121 481 1160 eroticis
527 1126 652 1172 atque
690 1119 890 1160 bucolicis
925 1119 995 1171 (cf.
1029 1134 1091 1173 ep.
1127 1121 1198 1174 22)
1233 1123 1398 1173 saepius
1432 1120 1637 1162 adhibere

87 1204 211 1244 quam
256 1192 297 1230 in
343 1190 433 1231 aliis
479 1196 672 1231 constare
711 1190 812 1230 mihi
850 1190 1033 1241 videtur,
1080 1190 1281 1244 artificiis,
1320 1206 1427 1244 quae
1466 1193 1506 1232 in
1548 1193 1633 1245 epi-

86 1267 316 1314 grammate
353 1262 510 1301 erotico
533 1260 574 1300 V
591 1263 642 1300 23
674 1263 756 1312 (63)
798 1262 1035 1313 cumulavit,
1074 1263 1206 1313 magis
1245 1264 1464 1315 perspicue
1503 1264 1635 1302 utitur

88 1330 242 1382 Samio,
288 1346 411 1384 quem
455 1333 496 1371 in
542 1333 709 1372 eroticis
754 1331 942 1372 versibus
994 1346 1042 1372 ea
1093 1333 1258 1385 saepius
1303 1332 1505 1385 praebere
1549 1334 1634 1373 iam

87 1401 358 1443 ostendimus.
438 1401 547 1442 Nam
595 1403 897 1455 epigrammata
942 1404 1100 1443 erotica
1143 1402 1196 1442 ad
1241 1410 1438 1455 poemata
1484 1404 1636 1444 melica

85 1486 216 1526 prope
251 1472 468 1514 accedunt.
508 1498 559 1502 —
601 1472 871 1513 Theocritum
905 1474 1005 1513 talia
1039 1472 1216 1513 artificia
1247 1474 1287 1513 in
1323 1474 1637 1526 epigrammatis

86 1544 242 1584 evitare
280 1545 363 1583 iam
404 1544 603 1597 suspicati
643 1557 803 1594 sumus3
839 1558 888 1583 ne
927 1545 968 1583 in
1009 1543 1210 1584 bucolicis
1250 1544 1417 1597 quidem
1458 1544 1633 1585 artificia

85 1614 249 1654 vocalia
281 1615 559 1666 inveniuntur,
593 1628 699 1666 quae
732 1615 772 1654 in
805 1614 958 1668 idylliis
993 1628 1117 1668 saepe
1151 1615 1354 1667 leguntur.
1412 1613 1507 1668 Qua
1540 1629 1634 1655 cum

85 1698 128 1724 re
153 1686 372 1735 consentit,
396 1684 509 1737 quod
530 1686 572 1724 in
597 1686 908 1738 epigrammatis
928 1685 1141 1726 Theocriti
1164 1686 1419 1738 peculiarem
1444 1686 1633 1727 ordinem

85 1754 306 1795 verborum
336 1760 473 1807 (voces
508 1770 646 1796 secum
682 1755 999 1808 coniungendae
1026 1756 1091 1796 vel
1122 1757 1163 1796 in
1196 1757 1316 1797 initio
1349 1757 1414 1797 vel
1446 1758 1487 1796 in
1521 1758 1635 1797 exitu

86 1826 445 1867 hemistichiorum
488 1828 742 1879 pentametri
786 1828 949 1880 positae
995 1834 1090 1867 sunt
1134 1828 1200 1867 vel
1244 1841 1409 1868 versum
1458 1829 1634 1867 circum-

86 1896 272 1946 cludunt)
322 1911 416 1937 raro
467 1898 700 1937 invenimus
754 1899 886 1954 (16⁰s0
933 1923 988 1927 -
1034 1897 1146 1950 apud
1184 1897 1444 1938 Mnasalcam
1485 1898 1633 1953 5O‘'s0).

203 1967 439 2008 Leonidam
478 1967 655 2008 artificia
691 1969 852 2008 vocalia
891 1969 1023 2009 multo
1064 1970 1230 2022 saepius
1265 1967 1525 2009 Callimacho
1561 1969 1634 2009 ad-

85 2037 228 2079 hibere
247 2040 288 2078 in
306 2039 655 2091 interpretatione
675 2039 931 2091 singulorum
951 2038 1223 2079 artificiorum
1244 2040 1325 2079 iam
1351 2041 1635 2092 cognovimus.
1652 2077 1655 2080 .

86 2109 144 2150 Ut
167 2108 407 2161 Cyrenaeus
442 2111 627 2149 carmina
661 2111 819 2150 erotica
852 2116 977 2163 atque
1011 2109 1215 2159 bucolica,
1248 2124 1355 2163 quae
1390 2110 1443 2150 ad
1472 2112 1632 2163 poesim

84 2180 276 2220 melicam
310 2194 441 2233 prope
474 2180 694 2232 accedunt,
728 2180 915 2221 artificiis
943 2180 1159 2221 vocalibus
1192 2182 1324 2233 magis
1359 2187 1481 2221 ornat
1508 2195 1633 2234 quam

86 2251 179 2301 alia,
212 2252 270 2291 ita
294 2250 507 2291 Leonidas
541 2252 728 2291 carmina
761 2250 953 2291 bucolica
986 2252 1107 2291 aliter
1138 2257 1294 2292 tractat
1326 2258 1452 2305 atque
1482 2258 1635 2293 cetera.

85 2319 193 2361 Nam
235 2321 403 2361 easdem
444 2335 568 2362 voces
607 2323 648 2362 in
689 2321 837 2362 eodem
878 2323 1177 2375 epigrammate
1217 2321 1409 2363 bucolico
1456 2322 1638 2362 libenter

86 2393 240 2444 repetit
273 2398 314 2431 et
340 2398 471 2445 cavet,
506 2407 555 2433 ne
589 2394 715 2433 ictum
752 2393 834 2433 alia
866 2395 906 2433 in
941 2392 1101 2446 syllaba
1126 2394 1239 2434 vocis
1266 2394 1469 2446 repetitae
1493 2399 1634 2445 ponat.

85 2462 252 2502 Deinde
280 2461 491 2504 Leonidas
525 2477 606 2504 non
641 2465 682 2503 in
711 2463 902 2504 omnibus
927 2463 1181 2505 carminibus
1208 2463 1394 2504 artificiis
1417 2463 1638 2504 vocalibus.

85 2534 234 2583 utitur3
276 2547 409 2586 neque
447 2548 546 2575 vero
588 2534 727 2586 colligi
759 2540 899 2588 potest
932 2549 1025 2575 eum
1063 2536 1104 2575 in
1145 2534 1412 2587 carminibus,
1447 2549 1552 2587 quae
1590 2536 1631 2574 in

87 2603 373 2644 adulescentia
427 2607 682 2658 composuit,
741 2604 918 2646 artificia
969 2607 1103 2646 rarius
1158 2605 1358 2646 adhibere
1413 2619 1537 2658 quam
1590 2606 1634 2645 in

86 2673 400 2727 posterioribus.
446 2674 557 2715 Nam
591 2677 631 2715 in
666 2677 965 2728 epigrammate
987 2676 1053 2716 VI
1078 2679 1172 2728 334,
1206 2676 1318 2729 quod
1353 2682 1449 2716 ante
1477 2690 1633 2716 annum

88 2747 171 2785 294
198 2747 475 2798 compositum
503 2755 575 2797 est.
609 2747 739 2786 multa
764 2746 939 2787 artificia
962 2747 1138 2799 legimus
1166 2746 1219 2800 (V.
1244 2750 1287 2797 2;
1312 2749 1357 2797 43
1384 2747 1437 2800 6),
1470 2747 1511 2786 in
1546 2747 1630 2799 epi-

86 2822 316 2867 grammate
341 2815 405 2855 VI
437 2819 517 2857 129
553 2830 737 2870 quoque,
771 2817 883 2870 quod
916 2824 1012 2857 ante
1047 2831 1200 2857 annum
1235 2820 1318 2857 280
1353 2818 1633 2869 compositum

88 2892 167 2937 est,
213 2887 442 2939 compluria
487 2887 665 2927 artificia
709 2886 910 2928 habemus
957 2887 1008 2936 (V.
1042 2891 1082 2939 1,
1112 2890 1157 2938 '23
1187 2901 1222 2929 V.
1248 2891 1288 2938 23
1319 2890 1374 2941 4).
1438 2887 1632 2928 Artificia

86 2956 249 2996 vocalia
283 2956 433 2997 desunt
464 2958 504 2998 in
529 2957 621 2998 VH
648 2961 741 3010 295,
767 2960 860 3011 504,
885 2959 987 3001 506!
1041 2959 1092 2999 In
1125 2959 1205 2998 illis
1240 2957 1491 2999 carminibus
1519 2972 1637 2999 mors-
