2028 3533
950 370 1241 407 -14—

310 503 450 541 neque
485 490 523 527 in
555 489 633 527 188
670 500 803 538 neque
837 486 876 524 in
909 487 986 525 189
1015 485 1261 535 invenimus,
1295 485 1504 524 sententia
1528 485 1680 536 prioris
1705 483 1875 525 distichi

313 568 399 600 tam
440 558 615 610 simplex
655 563 734 607 est,
774 569 898 608 qnam
939 562 1066 608 poeta
1103 556 1193 607 ipse
1232 555 1419 595 invenire
1461 556 1658 607 potuerit.
1720 554 1874 608 Itaque

315 629 533 670 Leonidae
558 630 597 668 in
623 626 739 667 XVI
766 628 845 666 190
870 625 1165 678 componendo
1190 624 1356 665 Niciam
1384 625 1575 679 exemplo
1601 625 1731 666 fuisse
1757 639 1874 678 nego,

434 698 667 740 Leonidam
708 698 748 736 in
791 695 1077 749 compluribus
1117 695 1372 736 carminibus
1414 697 1590 749 vestigia
1623 694 1873 737 Callimachi

314 779 503 813 secutum
529 783 619 810 esse
644 767 994 807 Wilamowitzius
1020 764 1209 820 (Griecli.
1234 765 1338 807 Lit.3
1360 769 1384 808 i.
1409 766 1446 807 d.
1472 766 1590 807 Kult.
1614 766 1652 808 d.
1676 764 1874 819 Gegenw.

314 858 351 896 p.
378 845 496 892 217),
543 837 784 881 Schmidius
826 836 1008 890 (Christs
1043 835 1212 879 Griech.
1244 837 1324 880 Lit.
1354 837 1405 878 ΙΙ
1438 841 1478 889 1,
1507 851 1544 890 p.
1580 840 1699 892 118),
1747 836 1873 880 Suse-

313 913 480 955 mihlius
515 908 884 965 (Griech.Lit.11
909 912 991 950 535
1017 922 1142 961 ann.),
1176 907 1239 959 G„
1274 916 1315 949 et
1349 909 1419 949 alii
1454 910 1528 949 viri
1564 908 1678 950 docti
1712 916 1873 963 putant.

313 986 394 1026 [lla
427 984 733 1037 epigrammata
765 981 1004 1020 accuratius
1038 979 1243 1021 tractabo.

432 1054 481 1094 In
503 1054 804 1106 epigrammate
824 1050 894 1091 IX
912 1054 992 1092 507
1011 1050 1102 1104 (27)
1120 1049 1370 1090 Callimachi
1385 1050 1546 1090 Aratus
1567 1064 1659 1090 cum
1679 1050 1871 1092 Hesiodo

312 1132 594 1179 comparatur.
629 1121 759 1164 Cuius
779 1123 974 1167 σύντονος
991 1123 1194 1174 ἀγρυπνίη
1215 1135 1236 1160 a
1258 1120 1512 1161 Ruhnkenio
1534 1129 1646 1162 recte
1664 1127 1871 1162 mutatum

311 1206 374 1239 est
397 1198 437 1237 in
462 1195 676 1248 σύμβολον
699 1195 937 1246 ἀγρυπνίης,
961 1194 1050 1232 viro
1075 1191 1202 1233 docto
1227 1193 1447 1239 assentior,
1467 1194 1565 1245 quia
1590 1193 1631 1232 in
1656 1190 1872 1233 vocabulis

310 1269 543 1321 ἀγρυπνίαν
560 1279 793 1305 consonare
817 1278 941 1318 posse
966 1277 1084 1316 nego.
1122 1263 1331 1303 Extremis
1355 1262 1571 1304 vocabulis
1587 1262 1872 1305 Callimachus

311 1338 678 1391 diligentissimam
718 1336 1041 1389 perpolitionem
1077 1335 1274 1374 carminis
1307 1334 1471 1386 laudat,
1515 1335 1642 1374 etiam
1679 1333 1871 1374 noctibus

310 1411 492 1451 Aratum
511 1408 687 1448 carmini
703 1420 874 1460 operam
893 1405 1059 1446 dedisse
1076 1406 1326 1458 suspicatus.
1353 1405 1451 1445 Hoc
1467 1419 1634 1446 carmen
1651 1404 1883 1446 Leonidae·

310 1483 350 1522 in
374 1482 676 1534 epigrammate
697 1477 768 1518 IX
785 1480 837 1518 25
856 1480 949 1531 (44)
970 1475 1264 1529 componendo
1285 1477 1477 1530 exemplo
1497 1476 1627 1517 fuisse
1645 1476 1870 1529 Diltheyus

310 1551 521 1606 (Cydippe
551 1565 590 1603 p.
616 1550 705 1603 11),
751 1547 970 1589 Kaibelius
1001 1547 1165 1599 (Herm.
1196 1546 1366 1587 XXIX
1396 1562 1433 1600 p.
1468 1550 1578 1600 120),
1619 1545 1670 1590 G.
1710 1554 1870 1601 putant.

310 1622 546 1664 Leonidam
583 1635 664 1661 non
699 1622 836 1673 ipsum
861 1620 985 1659 Arati
1015 1619 1255 1672 Φαινόμενα
1289 1619 1451 1671 legisse,
1486 1618 1559 1659 sed
1594 1633 1674 1659 non
1706 1620 1870 1659 novisse

311 1696 391 1736 nisi
415 1709 435 1733 e
461 1693 669 1747 Cyrenaei
703 1693 1005 1744 epigrammate
1030 1689 1255 1730 Kaibelius
1289 1688 1386 1729 inde
1411 1690 1582 1743 colligit,
1615 1689 1728 1742 quod
1753 1689 1869 1730 illum

311 1775 352 1806 et
399 1765 448 1805 de
496 1764 625 1805 stellis
676 1762 769 1803 fixis
821 1771 861 1802 et
908 1761 958 1801 de
1005 1759 1212 1801 sideribus
1262 1760 1499 1801 errantibus
1545 1760 1674 1801 verba
1718 1760 1871 1801 fecisse

310 1837 567 1878 Tarentinus
602 1833 765 1886 scribit,
806 1846 1062 1886 quamquam
1097 1832 1257 1872 Aratus
1290 1833 1544 1884 μετανάστας
1579 1846 1673 1872 cum
1706 1833 1870 1872 ratione

310 1909 479 1950 omittit.
532 1904 751 1946 Leonidae
786 1905 982 1944 carminis
1017 1908 1310 1956 argumentum
1339 1910 1402 1943 est
1430 1902 1529 1943 hoc:
1565 1902 1651 1943 Hic
1679 1910 1741 1943 est
1766 1902 1871 1943 liber

311 1980 455 2030 Arati,
507 1978 576 2030 qui
621 1977 745 2030 λεπτῇ
791 1976 977 2028 φροντίδι
1030 1975 1152 2028 (quas
1197 1988 1322 2014 voces
1368 1975 1648 2014 imitationem
1693 1988 1868 2027 arguere

311 2049 536 2103 Diltheyus
583 2047 780 2097 adnotat;
827 2045 938 2099 apud
981 2044 1287 2086 Callimachum
1335 2046 1442 2085 enim
1491 2044 1638 2085 eadem
1682 2046 1722 2085 in
1769 2044 1868 2085 sede

308 2135 454 2161 versus
477 2120 615 2161 λεπταὶ
639 2120 776 2172 ῥήσιες
798 2118 993 2171 legimus)
1014 2116 1155 2157 stellas
1181 2125 1219 2156 et
1244 2125 1432 2157 errantes
1457 2124 1497 2156 et
1519 2115 1623 2156 fixas
1648 2115 1866 2166 describit;

309 2200 455 2245 poeta,
496 2192 614 2231 cuius
655 2203 822 2230 carmen
857 2187 1189 2241 praedicandum
1235 2195 1314 2239 est.
1356 2188 1511 2227 nemini
1549 2185 1868 2240 postponendus

311 2270 374 2304 est
398 2264 477 2303 nisi
497 2262 603 2312 Iovi,
627 2262 725 2314 quia
750 2260 903 2311 stellas,
928 2273 1031 2312 quas
1055 2259 1124 2298 ille
1148 2260 1398 2311 procreavit,
1423 2257 1648 2298 lucidiores
1671 2257 1866 2298 reddidit.

310 2333 525 2375 Leonidas
564 2334 692 2384 igitur
731 2331 782 2372 de
823 2339 1088 2384 argumento,
1135 2329 1420 2371 Callimachus
1460 2336 1599 2369 autem
1641 2328 1691 2369 de
1730 2328 1867 2369 forma

309 2406 518 2458 poematis
553 2403 676 2444 Arati
712 2402 916 2455 disputat,
958 2401 1008 2442 de
1042 2410 1289 2454 argumento
1325 2399 1566 2453 Cyrenaeus
1608 2399 1709 2440 nihil
1745 2398 1865 2450 dicit-3

309 2478 452 2528 itaque
485 2474 574 2515 fieri
615 2489 694 2515 non
731 2480 914 2526 poterat,
954 2480 999 2512 ut
1033 2472 1215 2512 Aratum
1255 2471 1306 2511 de
1347 2471 1477 2511 stellis
1513 2470 1749 2511 errantibus
1783 2470 1865 2511 dis-

310 2548 490 2587 seruisse
531 2545 784 2586 Tarentinus
826 2559 846 2584 e
888 2545 1071 2584 carmine
1118 2545 1205 2583 eius
1253 2543 1479 2595 colligeret.
1550 2541 1606 2583 Ut
1649 2541 1865 2582 Leonidas

309 2632 332 2658 e
372 2618 555 2657 carmine
597 2615 803 2669 Cyrenaei
843 2617 900 2656 ita
939 2615 1008 2655 ille
1049 2629 1098 2655 ex
1138 2615 1439 2667 epigrammate
1479 2612 1697 2653 Tarentini
1742 2626 1864 2653 voces

308 2689 445 2728 λεπταὶ
487 2689 659 2741 (ῥήσιες)
707 2686 859 2727 habere
905 2693 1056 2739 potest.
1120 2685 1271 2737 Itaque
1313 2683 1561 2725 Callimachi
1607 2685 1866 2736 epigramma

311 2758 528 2799 Leonidae
569 2759 760 2811 exemplo
802 2758 930 2798 fuisse
972 2770 1096 2809 nego,
1137 2757 1235 2809 quia
1274 2763 1313 2796 et
1349 2754 1589 2808 Cyrenaeus
1630 2754 1680 2794 de
1716 2754 1864 2806 forma,

312 2828 525 2869 Leonidas
555 2828 604 2869 de
633 2836 879 2881 argumento
914 2827 1101 2880 disputat
1136 2841 1270 2879 neque
1294 2826 1549 2866 Tarentinus
1582 2825 1637 2873 id,
1670 2824 1782 2878 quod
1812 2824 1864 2865 de

310 2907 558 2950 argumento
593 2901 789 2939 carminis
816 2899 939 2939 Arati
967 2905 1120 2949 censet,
1155 2912 1205 2938 ex
1233 2899 1534 2950 epigrammate
1563 2898 1650 2937 eius
1674 2896 1863 2936 hausisse

313 2978 451 3021 potest
492 2984 625 3022 neque
667 2984 686 3010 e
726 2984 828 3010 voce
866 2971 1009 3014 λεπτός
1044 2970 1267 3022 quicquam
1305 2967 1587 3021 colligendum
1621 2975 1693 3008 est.
1757 2965 1863 3008 Cum
