2028 3533
861 341 1152 378 -62-

230 462 488 514 piscatorum
530 463 741 498 narratur:
777 455 924 495 Theris
961 454 1071 496 (VH
1097 458 1198 508 295)
1238 456 1278 494 in
1326 455 1467 495 casula
1508 468 1584 496 sua
1620 454 1785 508 placide

233 531 341 571 diem
389 541 629 581 supremum
675 526 795 577 obiit,
841 524 983 566 Parmi
1026 526 1146 579 (504)
1193 526 1319 578 piscis
1365 534 1530 578 captus.
1576 539 1697 579 quem
1743 527 1784 566 in

232 599 428 641 dentibus
453 599 598 649 tenuit,
631 598 671 637 in
705 602 850 649 guttur
881 596 1024 649 lapsus
1058 603 1237 636 mortem
1271 596 1430 647 attulit3
1465 595 1649 650 Tharsys
1672 597 1787 649 (506,

232 672 284 713 cf,
319 685 357 723 p.
394 672 446 710 63
470 671 566 722 sq.)‚
620 669 690 721 qui
742 680 942 707 ancoram
994 665 1187 717 tollebat,
1247 680 1271 707 a
1322 667 1492 720 pistrice
1546 665 1787 720 usquead

232 741 491 783 umbilicium
521 745 690 779 voratus
715 744 789 786 est,
823 736 922 778 dum
955 739 1187 790 piscatores
1221 744 1412 778 truncum
1446 739 1487 778 in
1523 751 1671 778 navem
1703 745 1787 778 tra-

232 813 348 853 hunt.
402 811 711 863 Argumentum
736 810 1085 862 epigrammatum
1108 810 1149 849 in
1174 807 1340 849 fabellis
1364 822 1532 862 quoque
1560 815 1786 849 tractatum

233 897 322 924 esse
356 880 703 922 verisimillimum
743 886 817 921 est.
880 878 1096 920 Leonidas
1137 881 1176 920 in
1219 881 1532 933 epigrammatis
1569 881 1653 921 suis
1688 881 1787 920 arti-

232 954 327 994 ficia
372 953 594 993 evitavisse
633 950 818 1003 videtur,
864 951 962 1004 quia
1001 949 1184 991 fabellae
1225 951 1283 990 eis
1324 958 1498 991 ornatae
1540 964 1622 991 non
1657 957 1787 991 erant.

233 1024 399 1066 Deinde
421 1024 461 1063 in
487 1023 802 1076 epigrammatis
826 1020 1016 1062 iambicis
1040 1028 1167 1075 poeta
1195 1022 1316 1072 cavit,
1346 1035 1395 1061 ne
1424 1020 1603 1062 artificia
1625 1021 1789 1062 vocalia

231 1102 419 1150 poneret.
489 1094 545 1134 Et
590 1108 654 1147 ep.
691 1097 744 1134 96
791 1091 927 1147 (Stob.
962 1092 1051 1133 flor.
1090 1095 1189 1144 120,
1221 1095 1263 1146 9)
1310 1100 1351 1133 et
1397 1092 1461 1133 Vl
1497 1095 1577 1133 211
1616 1093 1708 1147 (41)
1748 1099 1790 1133 et

233 1167 325 1207 VII?
348 1169 431 1206 455
449 1166 541 1219 (34)
565 1163 753 1205 artificiis
778 1170 904 1223 caret,
928 1178 1036 1217 quae
1060 1164 1237 1204 fortuita
1261 1171 1357 1204 sunt
1380 1165 1421 1204 in
1445 1163 1561 1204 XVI
1585 1167 1667 1205 307
1685 1164 1788 1216 (28),

233 1237 302 1278 ubi
325 1236 571 1290 μελῖσὸεταῖ
591 1236 641 1277 δε
663 1235 739 1277 τᾶν
762 1235 950 1288 legimus⁷
985 1242 1025 1275 et
1048 1237 1088 1275 in
1112 1234 1229 1275 XVI
1255 1237 1336 1276 182
1361 1235 1466 1288 (29),
1501 1233 1571 1275 ubi
1594 1236 1790 1288 ἐκλάμβει

232 1311 272 1349 in
313 1322 435 1348 versu
474 1313 591 1348 sexto
632 1306 811 1347 eundem
851 1307 988 1347 locum
1028 1313 1144 1347 tenet
1183 1312 1310 1359 atque
1344 1307 1527 1360 ἐκθλίβει
1565 1307 1605 1346 in
1641 1307 1787 1359 quinto

233 1389 273 1420 et
306 1381 345 1419 in
380 1392 502 1419 versu
537 1384 687 1418 octavo
721 1378 879 1418 vocalis
913 1394 939 1418 α
972 1378 1198 1431 praevalet.
1252 1377 1302 1417 In
1339 1378 1652 1430 epigrammatis
1685 1378 1788 1417 iam-

232 1450 336 1490 bicis
378 1448 629 1490 Callimachi
669 1462 840 1502 quoquo
880 1448 1059 1489 artificia
1097 1448 1261 1489 vocalia
1300 1449 1424 1501 plane
1464 1447 1626 1488 desunt.
1693 1445 1789 1501 Qua

232 1521 284 1561 de
319 1534 446 1561 causa
480 1521 785 1573 epigrammata
818 1518 1001 1560 iambica
1034 1518 1221 1560 artificiis
1257 1526 1444 1572 careant,
1484 1533 1566 1560 non
1600 1525 1788 1573 apparet.

234 1591 449 1633 Leonidas
481 1592 609 1644 igitur
648 1605 730 1631 non
765 1597 922 1631 temere
957 1590 1151 1631 omnibus
1184 1592 1225 1630 in
1262 1592 1575 1643 epigrammatis
1611 1589 1790 1631 artificia

233 1662 437 1715 adhibuit,
470 1661 543 1703 sed
578 1676 721 1702 secum
755 1661 982 1702 meditatus
1016 1669 1090 1713 est,
1124 1675 1222 1702 num
1251 1675 1300 1702 ea
1327 1660 1380 1701 ad
1409 1663 1668 1714 epigramma
1691 1666 1790 1714 apta

234 1740 385 1776 essent.
449 1733 583 1774 Multo
618 1735 785 1786 saepius
820 1747 945 1786 quarn
981 1733 1051 1773 alii
1085 1740 1256 1786 poetae,
1290 1734 1360 1786 qui
1401 1739 1539 1773 aetate
1579 1733 1668 1772 eius
1703 1733 1789 1785 epi-

234 1810 468 1858 grammata
502 1810 842 1857 composuerunt,
876 1803 1055 1844 artificia
1087 1802 1281 1844 adhibet:
1316 1818 1411 1844 eum
1433 1805 1612 1857 primum
1636 1804 1679 1843 in
1703 1803 1789 1856 epi-

232 1877 478 1929 grammatis
503 1875 690 1916 artificiis
715 1874 931 1916 vocalibus
957 1889 1048 1915 cum
1073 1875 1238 1915 ratione
1258 1889 1376 1915 usum
1398 1888 1489 1915 esse
1507 1873 1606 1914 inde
1625 1874 1790 1926 colligo,

234 1947 349 2000 quod
383 1961 432 1988 ea
465 1946 579 2000 apud
611 1946 801 2000 Anytam
835 1946 1225 2000 Asclepiadamque
1260 1959 1432 1999 perraro
1465 1946 1744 1986 inveniuntur.
