2028 3533
889 329 938 332 —
1005 306 1057 344 60
1121 328 1176 332 --

254 425 544 465 observavissc
599 438 619 462 e
673 420 926 462 carminibus
980 421 1148 460 eroticis
1195 418 1460 472 Callimachi,
1513 421 1739 473 praecipue
1784 434 1806 461 e

258 495 295 534 V
314 498 364 534 23
391 494 494 546 (63),
530 492 625 532 XII
652 495 731 532 118
757 492 865 544 (42),
903 493 982 531 139
1008 490 1117 544 (44),
1152 491 1458 542 cognoscimus.
1511 489 1562 530 In
1588 490 1626 530 V
1643 493 1695 531 23
1729 491 1805 531 ini-

255 567 357 605 tium
387 577 528 604 versus
558 564 679 616 primi
707 562 898 602 similiter
925 569 1047 601 sonat
1074 568 1199 613 atque
1227 561 1477 613 principium
1507 574 1649 602 versus
1674 562 1805 602 tertii:

427 645 575 693 οὕτως
599 644 611 698 Η
635 644 878 691 ὕπνωσαῖς
900 644 915 698 ΙΙ
940 643 1183 684 Κωνώπιον
1207 643 1220 697 [Ι
1246 643 1310 692 ὥς
1333 642 1347 697 ΙΙ
1371 660 1443 696 εμε
1468 645 1596 689 ποῖεις

428 716 577 764 οὕτως
600 715 613 769 Η
637 715 880 762 ’ὕπνωσαῖς
903 713 916 768 ΙΙ
941 713 1176 767 damarum]
1202 713 1216 768 Η
1242 714 1306 762 ὥς
1329 714 1343 767 [Ι
1367 730 1435 754 τον
1467 713 1650 768 ερᾶστην.

255 812 306 852 In
353 810 536 852 secundo
582 823 704 849 versu
750 807 1016 849 hemistichia
1061 809 1101 847 in
1148 808 1325 848 eandem
1379 807 1582 861 syllabam
1631 808 1806 858 cadunt3

254 881 381 922 verbo
415 882 644 934 xoqiaiofflcu
678 881 729 932 (v,
755 880 797 933 2)
836 878 1062 932 respondet
1099 881 1312 932 mastigam,
1361 878 1473 932 quod
1519 878 1667 920 eodem
1714 879 1806 920 loco

253 967 397 993 versus
437 952 575 1004 quarti
614 951 776 1003 legitur.
830 949 1098 990 Vocabulum
1138 951 1272 995 οὐδείς
1310 950 1350 989 in
1386 951 1532 1001 quinto
1565 964 1684 991 versu
1719 949 1807 990 fere

253 1023 430 1063 eundem
467 1023 603 1062 locum
634 1026 749 1061 tenet
781 1026 905 1073 atque
939 1022 980 1060 in
1020 1022 1156 1064 tertio,
1197 1035 1244 1060 ea
1278 1021 1356 1061 οὔὸ
1389 1022 1493 1073 ὄναρ
1532 1027 1573 1061 et
1610 1023 1650 1061 in
1686 1034 1808 1061 versu

255 1101 404 1147 quarto
434 1100 474 1133 ct
501 1094 540 1132 in
571 1093 716 1144 quinto
741 1093 896 1144 scripta
922 1098 1124 1133 tenemus.
1164 1116 1213 1120 —-
1248 1089 1367 1132 Sicut
1385 1091 1424 1131 V
1442 1094 1493 1131 23
1519 1098 1582 1132 est
1603 1090 1701 1132 XII
1727 1094 1807 1132 118

254 1163 660 1218 peraclausitbyron‚
702 1161 813 1215 quod
854 1170 1040 1204 vocatur.
1104 1160 1283 1203 Carmen
1326 1161 1498 1202 vocibus
1538 1162 1682 1202 similis
1716 1163 1808 1203 soni

254 1234 452 1275 abundat.
506 1233 615 1274 Nam
638 1228 988 1273 Wilamowi‘tzius
1015 1234 1055 1273 in
1084 1247 1205 1273 versu
1234 1233 1366 1273 altero
1394 1233 1465 1286 τὴν
1490 1234 1735 1286 προπετείαν
1761 1234 1809 1274 ἔα

253 1312 366 1346 recte
406 1306 505 1357 legit
544 1304 614 1357 (cf.
649 1302 700 1346 G.
731 1303 904 1356 Kaibel,
939 1305 1065 1357 epigr.
1094 1302 1273 1345 Graeca.
1301 1318 1364 1357 ep.
1393 1306 1507 1358 502).
1581 1303 1631 1344 In
1671 1305 1807 1357 primo

253 1390 374 1416 versu
409 1375 567 1428 syllaba
601 1392 686 1416 εκω
716 1374 832 1415 verbi
866 1376 1121 1428 ἕπεκώμασα
1148 1375 1339 1415 similiter
1372 1382 1494 1415 sonat
1527 1382 1652 1428 atque
1686 1376 1809 1427 ἑκών,

254 1449 295 1487 in
333 1449 461 1500 μύρια
493 1448 666 1500 μέμφου
705 1446 1029 1486 alliterationem
1069 1445 1294 1496 habemus3
1333 1448 1374 1486 in
1414 1460 1535 1486 versu
1577 1447 1709 1487 altero
1749 1446 1809 1486 illi

254 1519 372 1558 ἄκων
414 1517 601 1558 succedit
641 1531 721 1557 non
770 1517 918 1570 ἦλθον,
965 1516 1037 1557 sed
1081 1519 1186 1570 ἥκω.
1260 1517 1310 1557 In
1364 1517 1495 1557 altero
1542 1516 1808 1557 hemistichio

252 1588 428 1629 secundi
454 1602 597 1628 versus
628 1587 777 1628 eadem
806 1586 1012 1628 vocabula
1045 1589 1085 1628 in
1122 1587 1269 1628 eadem
1304 1587 1581 1628 collocatione
1615 1588 1810 1640 leguntur

254 1666 380 1712 atque
419 1661 459 1699 in
501 1659 632 1699 altero
672 1658 939 1699 hemistichio
973 1672 1115 1699 versus
1156 1659 1295 1711 quarti
1330 1659 1442 1711 (nam
1476 1658 1704 1698 infinitivus
1738 1659 1809 1699 ἐᾶν

253 1729 306 1770 ab
346 1731 594 1783 imperativo
634 1732 680 1770 ἔα
721 1744 802 1770 non
843 1730 1018 1769 multum
1061 1729 1236 1783 differt)3
1279 1736 1466 1770 extremo
1502 1728 1630 1770 verbo
1664 1743 1808 1770 versus

254 1803 391 1854 quarti
444 1800 670 1854 respondet
728 1802 862 1841 exitus
914 1802 1065 1854 prioris
1119 1800 1372 1841 hemistichii
1426 1799 1613 1841 eiusdem
1665 1814 1808 1840 versus

254 1873 353 1925 (ἐᾶν,
386 1874 475 1919 εἴα),
509 1874 549 1911 in
579 1886 699 1912 versu
728 1873 874 1924 quinto
909 1872 1067 1925 ἐβόησα
1101 1878 1141 1911 et
1173 1872 1360 1925 ἐφίλησα,
1395 1885 1501 1924 quae
1527 1870 1656 1911 verba
1689 1870 1808 1911 elatis

255 1943 357 1983 locis
385 1944 523 1996 posita
550 1949 657 1985 sunt.
685 1943 876 1983 similiter
899 1942 1066 1984 cadunt.
1121 1942 1362 1982 Artificium
1386 1942 1531 1982 vocale
1554 1943 1594 1982 in
1620 1948 1808 1982 extremo

252 2027 375 2053 versu
416 2027 583 2066 quoque
624 2014 815 2067 legimus:
863 2013 1045 2067 ἀδίκημ’,
1092 2014 1237 2053 ἀδικῶ.
1313 2012 1446 2053 Poeta
1485 2014 1611 2066 igitur
1650 2012 1729 2053 hoc
1767 2014 1808 2052 in

250 2086 438 2125 carmine
479 2085 529 2124 de
565 2084 737 2125 vocibus
778 2086 969 2125 similiter
1008 2083 1255 2124 sonantibus
1293 2085 1461 2136 gavisus
1503 2097 1593 2124 esse
1633 2082 1809 2123 videtur.

253 2155 304 2194 In
335 2155 433 2195 XII
459 2158 538 2196 139
564 2158 647 2206 (44)
681 2157 899 2196 illustriter
933 2155 1150 2206 describit,
1192 2155 1403 2208 quomodo
1438 2168 1624 2195 amorem
1657 2168 1808 2208 appro-

254 2227 527 2278 pinquantem
562 2228 726 2268 sentiat.
790 2226 965 2267 Initium
1000 2227 1206 2279 poematis
1241 2234 1302 2266 est
1337 2226 1433 2266 hoc:

466 2309 559 2350 ἔστι
591 2326 632 2350 τι
663 2311 743 2351 ναῖ
772 2327 841 2350 τον
874 2309 999 2350 Πᾶνα
1032 2309 1324 2362 κεκρῦιιιιιιενον
1356 2309 1450 2350 ἔστι
1482 2325 1523 2350 τι
1554 2308 1680 2362 ταῦτη

607 2382 686 2422 ναῖ
715 2398 774 2434 μα
806 2381 1022 2421 Διῶνυσόν
1054 2407 1112 2421 —o
1128 2412 1145 2421 e
1164 2406 1181 2408 2
1196 2407 1217 2421 o
1234 2416 1249 2421 2
1271 2406 1282 2407 ἶ

254 2473 442 2527 (Deinde
477 2474 528 2514 cf.
563 2489 729 2515 carmen
765 2477 967 2516 eroticum
1003 2475 1099 2515 XII
1130 2478 1224 2527 230,
1258 2479 1292 2526 1,
1324 2478 1365 2514 2:
1403 2476 1542 2527 εἰμὲν
1581 2474 1644 2527 ἔμ’
1675 2475 1808 2527 ἔχθεις

252 2546 292 2585 εἴ
321 2546 364 2585 δὲ
396 2546 510 2598 φιλεῖ,
544 2547 725 2599 (ριλέοις.)
793 2545 837 2587 Si
873 2546 1049 2586 artificia
1083 2546 1247 2586 vocalia
1281 2545 1393 2598 apud
1428 2544 1733 2586 Callimachum
1767 2546 1809 2585 in

256 2616 494 2656 universum
535 2617 879 2669 contemplamur,
918 2616 1052 2669 figura
1087 2616 1406 2657 homoioteleuti
1446 2615 1613 2669 quidem
1648 2617 1688 2656 in
1724 2617 1809 2668 epi·

255 2688 498 2737 grammatis
538 2688 705 2727 eroticis
746 2689 878 2727 rarius
919 2688 1047 2742 (8‘70‘)
1089 2702 1215 2740 quam
1253 2689 1294 2727 in
1332 2688 1422 2727 aliis
1458 2687 1614 2742 (10⁰s0)
1647 2687 1809 2739 legitur,

256 2756 330 2796 sed
363 2757 685 2797 alliterationem
718 2760 758 2798 in
794 2760 1094 2811 epigrammate
1134 2759 1292 2799 erotico
1333 2757 1430 2798 XII
1461 2760 1541 2798 149
1570 2758 1661 2811 (45)
1696 2764 1736 2798 et
1766 2759 1808 2798 iu

258 2826 393 2867 V145
420 2830 521 2879 (51),
561 2828 672 2881 quod
713 2828 764 2868 ab
805 2830 971 2869 eroticis
1012 2829 1266 2869 carminibus
1313 2842 1394 2869 non
1440 2829 1615 2868 multum
1659 2828 1808 2880 differt,

257 2899 506 2949 reperimus:
548 2899 729 2938 mediam
763 2908 924 2952 partem
959 2901 1209 2951 pentametri
1244 2899 1390 2939 eadem
1427 2898 1588 2952 syllaba
1621 2905 1734 2939 tenet
1766 2900 1806 2939 in
