2028 3533
750 348 1037 385 ,59-

121 465 214 518 (19,
248 466 329 504 287
354 463 589 515 Πάτροκλε)
624 468 748 514 atque
775 461 1101 502 Andromachae
1132 462 1216 515 (22,
1239 464 1488 502 477—514:
1521 476 1556 503 v,
1580 466 1662 503 477

113 534 281 587 Ἕκτορ)
316 533 369 573 ad
403 534 759 586 comparationem
796 532 999 572 afferendi
1033 539 1138 574 sunt.
1197 531 1592 573 Lamentationibus
1627 540 1668 573 et

120 606 159 645 in
194 603 339 644 XXII
378 611 419 643 et
456 605 495 643 in
531 602 694 642 XXIV
732 601 838 642 libro
879 604 1043 655 scriptis
1083 616 1189 643 uxor
1224 602 1420 642 Hectoris
1455 602 1666 655 describit,

121 688 245 728 quam
291 675 331 714 in
379 673 575 714 adversas
620 686 684 712 res
730 681 862 712 morte
908 674 1046 712 mariti
1082 672 1276 713 inciderit
1309 673 1380 726 (cf.
1409 672 1553 713 XXII
1582 676 1664 713 477

113 745 275 797 ’Έκτομ
320 746 411 799 ἐγὼ
453 745 651 797 δύστηνος
688 742 853 783 XXIV
885 746 965 783 742
1011 745 1109 798 ἐμοὶ
1149 745 1197 784 δὲ
1233 744 1406 796 μάλιστα
1445 744 1668 796 λελείψεται

121 816 243 867 ἄλγεα
288 816 447 868 λυγρά).
495 814 660 854 Helena
705 827 872 866 quoque
917 816 1145 866 aegerrime
1190 814 1283 856 fert.
1329 814 1440 866 qnod
1487 816 1665 854 amicum

122 886 260 925 amisit
302 890 376 937 (τῶ
422 888 465 925 σέ
510 885 544 925 δ’
592 886 679 937 ἅμα
722 885 853 924 κλαίω
892 885 959 924 καὶ
993 884 1060 938 ἔμ’
1099 887 1294 937 ἄμμορον
1332 886 1542 938 (Ξχίἰγῃιιένη
1587 890 1668 938 κῆρ

121 955 284 996 XXIV
317 959 433 997 773).
480 955 637 995 Briseis
689 969 731 995 se
783 956 872 1007 ipsa
919 956 1050 1007 magis
1098 955 1210 995 dolet
1256 969 1378 1008 quam
1425 954 1666 995 Patroclum

123 1025 259 1079 (XIX
285 1030 378 1068 ⁶287.
404 1029 486 1067 290
520 1026 738 1078 Πάτροκλέ
758 1042 828 1078 μοι
858 1025 986 1080 δειλῇ
1010 1027 1196 1066 πλεῖστον
1223 1028 1491 1079 κεχαρισμένε
1518 1027 1667 1078 ’θ”υμῷζ

123 1100 205 1138 290
233 1131 240 1139 .
265 1129 271 1137 .
296 1129 303 1136 .
333 1098 392 1142 ὥς
430 1112 510 1151 μοι
543 1098 697 1150 δέχεται
729 1096 863 1136 κακὸν
897 1097 941 1136 ἐκ
974 1101 1109 1137 κακοῦ
1143 1099 1252 1142 αἰεί).
1315 1096 1364 1136 In
1399 1096 1479 1136 illis
1513 1097 1669 1136 lamen-

123 1166 352 1207 tationibus
385 1167 533 1207 Iliadis
573 1167 767 1206 mulieres
801 1173 1008 1206 mortuum
1045 1181 1208 1220 semper
1241 1167 1511 1220 alloquuntur
1544 1174 1669 1219 atque

124 1239 333 1291 copiosius
347 1237 600 1289 describunt,
617 1243 875 1290 quantopere
889 1239 1114 1290 patiantur,
1129 1252 1252 1290 quam
1266 1237 1320 1281 id,
1335 1235 1446 1290 quod
1460 1244 1668 1277 mortuum

122 1316 284 1349 mature
318 1307 372 1348 ad
404 1308 562 1348 inferos
596 1307 832 1361 profectum
863 1307 1044 1349 doleant.
1098 1308 1265 1348 Deinde
1290 1322 1453 1361 semper
1475 1308 1670 1348 mulieres

123 1386 229 1430 sunt,
264 1393 370 1431 quae
395 1376 537 1419 nenias
562 1378 739 1428 faciant3
774 1392 933 1419 morem
955 1378 1096 1430 fuisse,
1122 1386 1166 1418 ut
1188 1379 1381 1419 mulieres
1405 1378 1447 1418 id
1471 1379 1670 1429 facerent,

124 1456 163 1490 et
187 1464 207 1489 e
232 1449 337 1489 libro
362 1456 547 1490 extremo
565 1448 781 1503 Odysseae
801 1450 854 1502 (v,
873 1452 926 1489 58
937 1463 996 1502 sq.
1019 1450 1125 1502 ἀμφὶ
1150 1450 1193 1490 δὲ
1216 1449 1430 1503 σ’ἔστησαν
1451 1454 1645 1501 κοῦραι..
1664 1481 1671 1489 .
1718 1465 1731 1474 ·

123 1519 250 1573 οἴκτρ’
284 1521 608 1574 ὀλοφυρόμεναι)
648 1527 689 1560 et
727 1535 748 1560 e
785 1519 1033 1561 Callimachi
1075 1522 1220 1573 quinto
1256 1520 1408 1573 hymno
1440 1520 1492 1573 (v.
1517 1523 1671 1573 93sqq.

124 1591 197 1643 ἆγε
227 1592 304 1643 μὲν
337 1592 607 1644 ἀμφοτέραισι
641 1592 760 1644 φίλον
792 1592 884 1643 περὶ
916 1592 1042 1631 naida
1075 1592 1260 1644 λαβοῦσα
1294 1593 1318 1631 ἁ
1350 1593 1486 1644 μάτηρ
1523 1595 1673 1643 γοερᾶν

124 1663 231 1702 οἶτον
263 1663 501 1715 ἀηδονίὸων
534 1662 605 1715 ἆγε
635 1662 743 1715 βαρὺ
775 1663 975 1715 κλαίοισα)
1007 1661 1217 1702 discimus.
1273 1660 1557 1715 Quamobrem
1587 1663 1672 1714 epi-

123 1740 400 1785 grammatum
434 1739 581 1785 poetas
615 1732 824 1773 studuisse
859 1739 973 1785 puto,
1010 1738 1053 1772 ut
1087 1746 1168 1772 non
1202 1732 1327 1773 modo
1363 1741 1534 1785 questus
1569 1746 1671 1772 sono

124 1805 345 1856 pingerent
378 1802 450 1843 sed
475 1804 599 1843 etiam
625 1804 800 1843 usitatas
823 1804 1145 1843 lamentationes
1169 1802 1367 1843 funebres
1390 1804 1674 1853 imitarentur,

125 1887 249 1926 quam
284 1875 487 1914 rationem
518 1872 730 1914 Leonidas
766 1875 1074 1926 elegantissime
1107 1874 1295 1926 perfecit,
1329 1888 1451 1926 quem
1486 1873 1672 1913 artificiis

126 1945 210 1984 suis
234 1945 400 1997 assequi
424 1945 603 1984 voluisse
627 1950 740 1998 puto.
771 1954 814 1984 ut
838 1946 1095 1997 epigramma
1119 1959 1211 1984 cum
1236 1944 1490 1984 carminibus
1515 1944 1673 1984 melicis

127 2022 452 2067 compararetur.

246 2085 292 2129 E.
346 2085 403 2126 Ut
436 2094 547 2126 recte
581 2100 895 2139 cognoscamus,
930 2101 1052 2139 quam
1089 2100 1213 2138 saepe
1247 2085 1461 2126 Leonidas
1496 2085 1674 2125 artificia

126 2157 287 2197 vocalia
322 2156 570 2208 adhibuerit,
611 2158 797 2197 carmina
830 2156 1126 2210 Asclepiadae,
1167 2156 1426 2207 Callimachi,
1460 2155 1674 2196 Theocriti

127 2226 179 2267 ad
214 2226 380 2267 brevem
415 2229 771 2280 comparationem
808 2228 991 2268 afferam.

243 2298 292 2337 In
316 2298 599 2351 Asclepiadae
628 2298 881 2339 carminibus
910 2298 1087 2338 artificia
1115 2298 1275 2338 vocalia
1304 2311 1474 2351 perraro
1498 2298 1674 2337 inveniri

127 2370 208 2408 iam
242 2368 439 2419 vidimus3
481 2370 642 2409 etiarnsi
677 2371 815 2409 omnia
851 2368 980 2410 Samii
1021 2370 1321 2422 epigrammata
1362 2369 1675 2421 perlustramus,

129 2453 208 2479 non
263 2440 392 2479 multa
446 2440 630 2492 legimus.
712 2440 994 2480 Hemistichia
1047 2445 1406 2492 pentametrorum
1460 2453 1585 2491 saepe
1633 2441 1674 2479 in

128 2509 302 2550 eandem
339 2510 539 2563 syllabam
575 2511 726 2551 cadere
760 2513 908 2551 mirum
945 2524 1024 2551 non
1061 2518 1133 2561 est,
1174 2525 1308 2563 neque
1343 2511 1450 2550 enim
1485 2509 1675 2550 homoio-

128 2580 312 2620 teleuton
346 2582 386 2621 in
421 2595 553 2633 versu,
594 2583 663 2635 qui
696 2581 903 2622 interdum
940 2596 963 2621 a
997 2588 1194 2634 quattuor
1228 2580 1441 2621 vocabulis
1476 2581 1677 2633 expletur,

129 2651 249 2690 vitari
295 2659 444 2704 potest.
521 2650 602 2692 Sed
650 2659 694 2692 ut
738 2653 821 2692 tale
868 2652 1223 2692 homoioteleuton
1270 2653 1328 2691 ita
1375 2652 1454 2691 alia
1501 2650 1677 2691 artificia

128 2721 291 2761 vocalia
334 2723 374 2762 in
422 2724 625 2775 poematis
672 2724 839 2763 eroticis
880 2724 1045 2775 saepius
1091 2723 1284 2774 leguntur
1329 2736 1452 2774 quam
1498 2723 1538 2761 in
1585 2722 1676 2761 aliis

129 2791 197 2845 (cf.
232 2792 488 2845 anaphoram
522 2795 561 2833 in
591 2793 628 2832 V
647 2796 740 2837 168,
775 2794 909 2833 lusum
942 2792 1164 2833 verborum
1198 2795 1236 2832 in
1263 2792 1359 2832 XII
1382 2795 1450 2843 46,
1474 2796 1516 2842 23
1550 2796 1616 2844 50,
1644 2794 1677 2844 1,

130 2862 304 2903 eandem
331 2862 531 2916 syllabam
555 2865 594 2903 in
625 2863 761 2903 inedia
788 2872 906 2916 parte
934 2865 1184 2916 pentametri
1207 2865 1247 2903 in
1276 2863 1311 2902 V
1330 2866 1424 2915 206,
1447 2868 1492 2914 43
1525 2865 1616 2914 163,
1642 2867 1677 2914 2,

130 2933 451 2973 alliterationem
474 2935 514 2974 in
533 2934 569 2973 V
588 2937 653 2976 84.
674 2938 716 2975 3:
745 2937 837 2985 184,
855 2939 895 2983 ὃς
920 2934 1016 2974 XII
1037 2937 1161 2984 5o.1;
1191 2936 1353 2987 1351).
1407 2933 1475 2974 Me
1498 2933 1539 2974 id
1564 2941 1677 2974 recte
