2028 3533
766 399 1055 435 -49—

138 511 354 552 Leonidae
388 511 566 552 artificia
597 513 802 564 leguntur,
837 527 955 565 quae,
992 513 1180 565 quamvis
1214 512 1322 551 inter
1354 525 1396 550 se
1431 510 1596 562 distent,
1629 509 1682 550 ad

137 582 180 622 id
226 597 352 622 unum
398 589 607 634 spectant,
660 588 704 622 ut
746 583 891 623 similis
945 597 1069 623 sonus
1114 580 1336 622 verborum
1381 581 1444 620 vel
1489 594 1683 620 versuum

137 652 355 693 efficiatur.
429 652 582 705 Itaque
619 652 827 692 interdum
867 667 949 693 vox
987 654 1207 704 invenitur,
1253 653 1370 691 cuius
1405 664 1506 691 sono
1546 652 1579 690 is
1614 652 1684 703 qui

139 724 234 775 legit
264 723 317 763 de
338 722 545 763 vocabulo
573 722 834 775 admonetur,
859 723 969 776 quod
998 724 1038 763 in
1069 722 1217 763 eodem
1240 722 1306 762 vel
1332 723 1371 761 in
1402 723 1538 774 priore
1563 734 1682 760 versu

137 793 322 834 eiusdem
357 794 783 845 epigrammatis-iam
817 793 1046 833 audiverat.
1109 791 1322 833 Leonidas
1357 792 1461 832 haec
1494 791 1686 843 exempla

138 863 328 916 praebet:
375 867 410 909 2,
445 867 456 904 1
504 864 602 914 αἵδε,
642 865 727 904 οἵδε
766 863 852 912 (VI
886 867 1006 918 13l);
1054 867 1089 916 5,
1120 867 1154 916 1,
1180 867 1202 903 2
1243 862 1346 904 οὔδε
1384 862 1556 907 δικαῖοι,
1596 861 1686 902 οἶδε

137 934 417 988 ὅικαῖοσυνῆν
432 933 542 987 (VH
559 935 679 987 654);
708 937 770 985 18,
788 938 810 974 2
835 936 985 988 αχαρῗν
1006 934 1149 987 χαριτᾶ
1171 932 1259 988 (ΙΧ
1277 933 1399 986 322);
1425 935 1488 984 18,
1506 935 1528 972 5
1551 931 1684 985 μετώ-

136 1022 229 1056 που,
261 1005 527 1059 προσώπ(α);
560 1008 627 1056 42,
654 1007 705 1046 10
735 1004 922 1058 Βᾶκχου,
954 1004 1199 1057 Βᾶκχιακόν
1233 1003 1366 1057 (XVI
1395 1004 1517 1058 306),
1553 1002 1636 1053 (62,
1662 1004 1683 1043 3

137 1075 445 1129 λεῖκοοπῶρος,
490 1075 682 1128 εφῶριος,
728 1079 750 1115 5
786 1075 960 1128 οπῶρην
993 1074 1063 1115 ΙΧ
1088 1075 1208 1128 563)3
1253 1076 1412 1125 65,4‚5
1446 1072 1685 1126 αἴγινομῶν,

137 1146 268 1199 αιγῶν
292 1146 375 1199 (VI
400 1147 519 1199 221);
557 1149 620 1197 70,
637 1149 673 1193 3,
690 1149 716 1186 4
748 1146 1033 1199 λαχανῆλογω,
1063 1145 1258 1198 λαχανῶν
1281 1144 1369 1198 (ΙΧ
1394 1146 1514 1197 318);
1552 1145 1686 1195 75,1Ο

138 1217 366 1268 ε’ὖσιπυοῧς,
382 1216 659 1270 ολιγῆσιπυῶν
677 1216 762 1270 (VI
777 1218 899 1271 228);
926 1219 990 1269 77,
1006 1220 1032 1256 4
1053 1215 1215 1267 αὗλους,
1239 1214 1478 1267 αὖλοὸοκῆν
1497 1214 1687 1261 (Ῡ205“);

139 1291 204 1339 84,
221 1291 257 1333 7,
277 1290 301 1327 8
334 1287 489 1341 τέχνας,
521 1287 770 1340 τέχνοσυνᾶς
796 1287 880 1341 (VI
904 1288 968 1339 4);
1004 1289 1069 1328 92.
1086 1289 1162 1338 6,8
1192 1285 1414 1339 ἔσχαρεῶν,
1442 1284 1689 1337 gaf-ozam&

138 1358 247 1411 (VH
271 1360 392 1411 648);
421 1361 486 1400 97.
506 1362 553 1398 11
583 1357 794 1411 ψιλεῦθρω
818 1357 1142 1410 απὲψιλῶμενον
1165 1356 1404 1410 (V11472).
1456 1355 1685 1395 Plurimum

138 1443 261 1469 voces
294 1430 436 1469 ictum.
457 1428 604 1468 eadem
637 1430 677 1467 in
713 1427 872 1481 syllaba
904 1427 1071 1478 habent,
1115 1428 1223 1480 quia,
1258 1428 1290 1466 si
1323 1427 1533 1466 voculatio
1573 1426 1689 1465 varia

139 1507 259 1550 esset,
287 1499 515 1540 similitudo
544 1498 724 1539 obscura
750 1506 876 1548 esset3
905 1498 978 1538 sed
1005 1499 1089 1538 ictu
1118 1497 1266 1538 eadem
1293 1498 1334 1537 in
1363 1496 1524 1550 syllaba
1550 1497 1687 1549 posito

138 1572 171 1611 is
206 1572 277 1623 qui
309 1571 409 1623 legit
447 1570 498 1610 de
538 1569 810 1610 similitudine
843 1583 992 1609 vocum
1032 1568 1292 1609 admonetur.
1356 1567 1406 1607 In
1442 1570 1507 1618 31,
1536 1569 1604 1618 42,
1634 1569 1685 1606 97

138 1642 296 1681 variam
334 1641 644 1681 voculationem
690 1639 891 1680 habemus
933 1639 1102 1695 (22070).
1178 1638 1229 1678 In
1276 1645 1461 1678 extremo
1508 1637 1687 1677 disticho

139 1713 452 1765 epigrammatis
476 1710 573 1751 XII
598 1714 651 1753 43
677 1711 768 1765 (28)
797 1709 1002 1764 Cyrenaei
1028 1710 1239 1750 voculatio
1272 1708 1410 1762 lepide
1443 1715 1604 1748 mutata
1628 1713 1688 1748 est

141 1782 284 1828 (καλός
306 1783 433 1827 καλος
460 1782 573 1828 ἄλλα,
601 1781 703 1835 φῆσι
725 1798 780 1826 τις
807 1781 958 1835 ἄλλος).
1010 1780 1140 1834 Apud
1165 1780 1436 1821 Theocritum
1459 1781 1501 1819 in
1525 1777 1688 1819 duobus

140 1854 451 1906 epigrammatis
485 1866 607 1892 voces
642 1853 834 1892 similiter
866 1859 1064 1892 sonantes
1097 1852 1271 1903 legimus
1307 1849 1393 1905 [IX
1421 1853 1517 1902 437,
1546 1853 1610 1893 10,
1637 1852 1685 1890 11

140 1924 316 1978 ἇχευσῖν,
360 1923 574 1977 ἄνταχεῦσι
618 1923 698 1977 (4),
744 1922 837 1962 VII
863 1925 959 1973 661,
983 1921 1037 1963 3‘?
1091 1921 1223 1974 ξεινῆς
1269 1924 1387 1968 ξενον
1429 1920 1525 1961 ὄντα
1569 1919 1690 1975 (11)]

139 1994 417 2048 Asclepiades
463 1994 567 2034 haec
613 1994 803 2047 exempla
846 1992 1039 2046 praebet:
1086 1992 1126 2032 V
1150 1995 1185 2044 6,
1211 1996 1233 2032 2
1274 1991 1383 2045 ἥξειν
1426 1991 1533 2044 κοίἳχ
1580 1992 1689 2044 ηκεῖς

140 2065 179 2106 V
203 2068 297 2117 149,
327 2068 361 2117 1,
391 2068 412 2105 3
453 2067 581 2118 ηξεῖν,
620 2064 726 2117 κοῦχ
764 2066 873 2118 ηκεῖς
915 2063 953 2103 V
975 2066 1068 2115 161,
1105 2066 1127 2103 3
1175 2065 1298 2116 οἴχομ
1336 2061 1514 2114 Ερώτας
1552 2061 1690 2101 omia

141 2138 368 2190 ὃιοῖχομαι,
402 2135 440 2174 V
461 2139 553 2187 163,
579 2138 601 2175 3
635 2135 804 2188 κλῆθεις
836 2135 913 2175 οὒκ
941 2134 1118 2187 (ικλῆτος
1146 2133 1261 2188 (XII
1290 2136 1383 2183 120,
1409 2136 1444 2183 2,
1469 2136 1492 2172 3
1526 2131 1691 2185 χᾶλκος,

139 2207 342 2261 χᾶλκευς).
398 2204 584 2247 Samium
612 2206 683 2245 illa
710 2204 915 2245 vocabula
949 2219 1030 2245 non
1065 2204 1288 2256 diligenter
1313 2204 1559 2243 tractavisse
1591 2202 1689 2242 inde

141 2279 338 2330 cognosci
361 2283 511 2330 potest,
535 2276 648 2329 quod
671 2275 843 2316 eaedem
879 2289 1013 2326 voces,
1037 2288 1210 2328 quarum
1230 2273 1540 2314 voculationem
1564 2280 1689 2326 poeta

140 2350 181 2388 in
218 2348 302 2388 V6
348 2349 536 2399 mutavit,
581 2349 621 2387 in
657 2347 695 2386 V
723 2349 802 2386 149
848 2348 977 2386 ictum
1023 2345 1170 2385 eadem
1220 2346 1260 2384 in
1313 2343 1473 2397 syllaba
1522 2343 1691 2384 habent.

141 2418 354 2460 Leonidas
375 2432 543 2471 operam
564 2417 691 2469 dedit,
715 2424 760 2457 ut
778 2416 1093 2457 similitudinem
1113 2414 1334 2456 verborum
1355 2421 1539 2467 augeret,
1560 2416 1687 2454 ictum

142 2491 251 2530 enim
286 2489 432 2529 eadem
464 2491 505 2529 in
541 2487 699 2542 syllaba
733 2502 882 2528 vocum
917 2487 1107 2527 similiter
1139 2487 1378 2526 sonantium
1406 2486 1556 2538 posuit.

259 2560 308 2599 ln
351 2560 552 2612 exemplis
592 2559 929 2599 commemoratis
976 2571 1140 2610 semper
1185 2556 1267 2596 duo
1307 2555 1514 2596 vocabula
1559 2563 1692 2608 erant,

143 2645 250 2684 quae
274 2631 463 2670 similiter
486 2629 709 2679 sonabant,
733 2629 845 2682 apud
869 2628 1102 2668 Leonidam
1128 2629 1255 2668 etiam
1278 2641 1420 2667 Versus
1444 2628 1693 2676 invenimus,

144 2701 211 2741 ubi
247 2701 480 2753 complures
513 2700 641 2754 pedes
676 2700 851 2740 similem
883 2713 1031 2739 sonum
1057 2698 1272 2751 praebent.
1317 2697 1461 2737 Veluti
1488 2699 1528 2737 in
1557 2697 1693 2737 alterov

142 2772 406 2812 bemistichio
440 2773 656 2823 utriusque
689 2771 939 2823 pentametri
974 2770 1285 2822 epigrammatis
1309 2768 1375 2808 VI
1405 2771 1482 2808 131
1511 2768 1572 2821 (2)
1606 2767 1691 2807 duo

143 2842 347 2883 vocabula
374 2843 579 2894 leguntur,
608 2855 783 2894 quorum
808 2842 921 2893 prius
950 2846 1159 2893 quattuor,
1193 2839 1367 2879 alterum
1397 2846 1479 2878 tres
1508 2837 1689 2891 syllabas

144 2912 286 2953 habet:
325 2914 431 2953 ictus
470 2914 510 2952 in
552 2911 708 2951 eisdem
749 2910 916 2965 syllabis
956 2909 1256 2951 vocabulorum
1295 2910 1514 2953 invenitur,
1553 2922 1689 2961 voces,

144 2998 250 3036 quae
271 2983 575 3023 hemistichium
595 2982 806 3033 inchoant,
821 2982 997 3034 primam
1018 2980 1220 3033 syllabam
1241 2994 1503 3020 communem
1521 2978 1691 3031 habent,

214 3064 351 3091 Hansen.
1432 3061 1453 3093 4
