2028 3533
924 331 1213 367 -10—

301 455 472 505 legimus
513 457 677 504 poetam
713 448 885 488 Tarenti
928 451 1068 485 natum
1104 443 1250 496 procul
1285 456 1306 481 a
1343 442 1479 494 patria
1512 439 1723 492 sepultum
1756 452 1848 479 esse

299 533 422 576 atque
456 523 580 561 vitani
615 533 760 569 vagam
797 517 977 568 degisse:

487 603 639 643 πολλὸν
672 600 740 640 ἀπ’
770 600 936 651 Ἰταλίης
969 602 1102 649 κεῖμαι
1137 595 1294 649 χθονὸς
1327 596 1372 634 ἔκ
1407 610 1445 632 τε·
1482 592 1689 644 Τάραντος

555 674 727 724 πάτρης·
761 674 879 709 τοῦτο
914 670 958 708 δέ
987 684 1056 720 μοι
1090 667 1334 717 πικρότερον
1370 665 1563 704 θανάτου.

487 747 666 784 τωιωῧτως
697 742 880 780 :riarium
913 740 1030 791 (ἴβιος
1061 739 1167 790 βίος·

301 827 353 869 Se
400 826 467 866 diu
513 824 820 877 peregrinatum
869 834 959 861 esse
1000 828 1125 873 poeta
1164 820 1252 871 ipse
1294 816 1505 857 affirmare
1540 815 1641 856 mihi
1674 815 1851 867 videtur,

301 897 410 951 quod
451 898 488 936 in
527 894 616 934 Vll
643 896 721 933 7:⁷36
747 893 837 944 (91)
879 905 952 931 nos
993 897 1146 933 monet,
1193 902 1242 928 ne
1283 900 1494 940 vagemur,
1540 887 1704 927 etiamsi
1750 885 1852 926 nihil

301 967 412 1009 aliud
465 964 752 1019 possideamus
807 963 884 1002 nisi
937 961 1122 1001 casulam
1175 966 1301 1012 atque
1347 958 1639 999 tenuissimum
1683 958 1852 999 victum.

302 1037 532 1079 Leonidam
567 1035 875 1088 pauperrimum
901 1032 1030 1072 fuisse
1054 1032 1092 1071 in
1120 1029 1184 1070 VI
1210 1032 1292 1070 300
1317 1029 1408 1082 (91)
1434 1035 1474 1069 et
1497 1030 1537 1068 in
1562 1027 1629 1068 VI
1653 1030 1735 1068 302
1760 1028 1851 1080 (95)

302 1110 492 1161 legimus:

376 1189 437 1229 VI
464 1192 557 1240 300,
584 1191 603 1228 l
640 1189 730 1239 Aous
745 1188 822 1239 ρίη,
857 1187 901 1226 ἐκ
934 1186 1106 1238 πλανίης
1139 1185 1288 1237 ταύτην
1320 1185 1440 1236 χάριν
1472 1184 1518 1223 ἔκ
1552 1199 1591 1222 τε
1622 1183 1825 1222 πενέστεω

708 1259 788 1310 κήξ
820 1257 1086 1309 ὀλιγησιπύου
1121 1256 1216 1302 ὁὲξο
1250 1255 1486 1295 Αεωνίὸεω.

467 1334 560 1375 302,
587 1332 606 1369 l
647 1327 824 1380 ‘Dm'vym‘i‘
862 1328 963 1367 ὑπὲκ
996 1327 1192 1380 καλύβης,
1226 1326 1379 1366 σκότιοι
1411 1325 1530 1378 μύες·
1564 1325 1657 1365 οὔτε
1682 1322 1854 1376 πενιχρὴ

709 1404 790 1452 μῦς
823 1399 945 1451 σιπύη
979 1399 1147 1451 βόσκειν
1180 1398 1265 1437 offae
1298 1396 1536 1437 l‘leonoe‘deso.

304 1484 409 1524 Eum
451 1490 547 1523 ante
588 1496 741 1522 annum
780 1484 861 1521 295
895 1481 934 1521 in
973 1480 1102 1533 Epiro
1138 1478 1249 1532 apud
1283 1477 1613 1531 Neoptolemum
1645 1482 1856 1518 moratum

303 1568 391 1595 esse
425 1555 507 1594 iam
542 1568 562 1593 e
586 1553 652 1593 Vl
676 1555 759 1594 334
784 1552 875 1605 (53)
910 1551 1166 1603 collegimus.
1220 1549 1291 1590 Ad
1316 1554 1576 1590 senectutem
1600 1549 1726 1600 venit,
1761 1561 1856 1588 nam

300 1627 341 1666 in
367 1625 431 1665 VI
455 1628 550 1676 300,
575 1627 597 1663 3
632 1624 826 1676 legimus:

542 1708 750 1759 αὐτάρκης
783 1707 805 1746 ὁ
827 1707 1010 1757 πρέσβυς
1043 1706 1150 1757 ἔχειν
1183 1705 1261 1744 ἅλα
1294 1704 1362 1744 καὶ
1398 1704 1475 1743 ὁύο
1507 1707 1674 1755 κρῖμνα.

304 1788 516 1829 Leonidas
549 1790 685 1841 igitur,
720 1789 790 1841 qui
824 1788 953 1827 vitam
976 1800 1123 1839 vagam
1150 1786 1275 1839 degit,
1310 1800 1360 1826 ne
1382 1786 1424 1825 in
1449 1790 1665 1826 senectute
1689 1782 1858 1837 quidem

305 1875 325 1900 e
358 1859 628 1900 mendicitate
662 1860 841 1900 emersit.

527 1991 549 2042 ξ
585 1992 620 2030 2.
684 1988 755 2029 De
790 1988 1032 2041 exemplis
1067 1986 1328 2028 Leonidae
1363 1986 1640 2027 Tarentini.

424 2071 638 2112 Leonidae
674 2071 826 2112 multos
861 2078 1007 2124 poetas
1044 2071 1236 2123 exemplo
1278 2070 1408 2110 fuisse
1445 2083 1589 2110 omnes
1623 2069 1699 2108 viri
1735 2067 1861 2120 docti,

306 2144 375 2196 qui
426 2142 477 2182 de
530 2148 655 2195 poeta
704 2141 832 2182 verba
880 2141 1059 2193 faciunt,
1111 2147 1272 2194 putant.
1360 2140 1638 2181 Tarentinum
1685 2139 1863 2192 vestigia

306 2213 588 2266 Asclepiadae
636 2211 767 2254 Samii
813 2214 1039 2266 praecipue
1084 2213 1125 2252 in
1172 2213 1486 2265 epigrammatis
1532 2210 1586 2251 ad
1634 2210 1862 2262 naufragos

306 2283 609 2337 pertinentibus
650 2292 837 2324 secutum
879 2298 969 2324 esse
1011 2281 1063 2325 G.
1098 2284 1154 2336 (p.
1182 2283 1282 2337 133)
1322 2281 1478 2323 scribit.
1553 2281 1604 2322 In
1644 2279 1862 2322 Leonidae

308 2355 605 2407 epigrammate
625 2354 719 2394 VH
744 2356 825 2396 283
851 2355 924 2408 (3),
959 2353 1069 2407 quod
1101 2352 1352 2395 Geffckenio
1380 2354 1586 2406 imprimis
1614 2358 1862 2406 argumento

309 2432 381 2476 est,
427 2425 664 2477 naufragus,
710 2427 779 2478 qui
825 2431 1014 2465 mortuus
1059 2426 1100 2464 in
1146 2425 1268 2465 litore
1314 2438 1445 2477 prope
1490 2437 1606 2464 mare
1645 2425 1749 2464 situs
1788 2429 1862 2475 est,

309 2497 506 2547 queritur,
546 2495 657 2548 quod
698 2510 720 2535 a
760 2497 864 2535 mari
906 2510 987 2535 non
1029 2497 1069 2535 in
1117 2503 1271 2535 terram
1317 2496 1452 2535 iaetus
1498 2503 1578 2545 est,
1624 2493 1695 2535 ubi
1742 2493 1863 2534 undis

308 2567 468 2605 vicinus
515 2579 595 2605 non
642 2574 765 2606 esset.
841 2565 926 2607 Cur
972 2572 1106 2619 optet.
1152 2574 1197 2606 ut
1242 2566 1388 2620 procul
1433 2579 1455 2605 a
1502 2566 1606 2605 mari
1652 2566 1754 2606 situs
1801 2565 1864 2615 sit,

311 2636 535 2689 naufragus
559 2644 755 2676 accurate
780 2651 861 2677 non
891 2637 1083 2690 explicat.
1139 2635 1224 2677 Sed
1252 2637 1361 2676 hanc
1389 2638 1640 2677 senteutiam
1669 2636 1864 2689 supplen-

311 2705 403 2745 dam
445 2721 533 2746 esse
573 2716 692 2759 puto:
748 2706 990 2760 Naufragus
1032 2709 1168 2749 timet.
1215 2722 1264 2748 ne
1310 2721 1444 2759 mare,
1490 2707 1602 2760 quod
1642 2708 1736 2747 vivo
1781 2709 1865 2746 iam

311 2778 531 2817 maximam
575 2779 767 2817 iniuriam
808 2778 909 2818 fecit
950 2780 1002 2831 (v,
1030 2781 1049 2818 1
1087 2779 1232 2830 οἰζυρὰ
1271 2779 1492 2832 παθόντα).
1535 2780 1658 2818 etiam
1699 2783 1865 2818 mortuo

313 2860 461 2886 nocere
495 2848 645 2900 possit:
679 2859 846 2888 veretur
880 2850 1001 2900 enim,
1047 2863 1098 2888 ne
1139 2849 1376 2901 sepulcrum
1420 2848 1470 2889 ab
1506 2848 1628 2889 undis
1663 2848 1866 2889 deleatur.

314 2916 597 2968 Quamobrem
644 2932 756 2958 mare
798 2933 900 2958 voce
940 2925 1152 2972 τετρηχυῖα
1195 2920 1385 2960 θάλασσα
1432 2920 1562 2959 (mare
1609 2919 1865 2972 turbulente)
