2028 3533
780 368 1070 405 ‚47—

151 483 334 535 irrigent,
368 496 410 522 se
444 481 555 522 dona
594 496 759 534 semper
792 483 849 522 eis
884 483 1064 522 laturum
1098 496 1188 522 esse
1224 483 1456 535 pollicetur.
1520 482 1699 524 Carmen

150 551 385 593 bucolicum
433 566 522 592 esse
569 566 689 592 nemo
736 559 798 592 est
843 554 913 605 qui
961 566 1043 593 non
1090 560 1330 605 cognoscat.
1399 553 1502 593 Tres
1542 554 1699 594 formas

149 624 263 664 vocis
296 627 430 668 κᾶπος
462 624 502 662 in
537 624 837 675 epigrammate
871 623 1044 675 legimus
1079 630 1120 663 et
1153 637 1296 663 omnes
1329 625 1455 663 ictum
1490 625 1531 663 in
1561 626 1700 676 priore

151 693 309 747 syllaba
343 692 508 733 habent.
571 693 705 733 Poeta
738 694 864 745 igitur
896 695 935 733 in
972 693 1225 734 carminibus
1258 692 1460 734 bucolicis
1495 695 1616 746 cavit,
1649 709 1700 735 ne

149 765 278 804 ictum
306 764 389 804 alia
414 765 454 803 in
484 763 644 817 syllaba
671 764 785 804 vocis
820 765 1022 816 repetitae
1054 771 1242 817 poneret.
1296 764 1353 805 Ut
1379 763 1615 805 Leonidam
1642 766 1702 805 ita

154 833 458 875 Callimachum
504 835 662 874 variam
708 835 1019 874 voculationem
1064 836 1104 874 in
1146 836 1458 888 epigrammatis
1499 834 1700 876 bucolicis

151 906 371 945 evitavisse
406 919 455 945 ex
483 906 785 958 epigrammate
811 908 863 944 22
889 904 997 957 (VII
1022 907 1122 959 518)
1148 904 1395 946 Callimachi
1421 907 1700 958 cognoscitur.

149 975 201 1015 In
224 975 294 1016 illo
319 977 503 1015 carmine
527 974 775 1015 Astacidam
804 974 1047 1016 Cretensem
1071 990 1094 1015 a
1117 975 1323 1029 Nymphis
1347 982 1511 1029 raptum
1536 990 1701 1017 sacrum

151 1060 240 1086 esse
280 1053 405 1099 poeta
446 1052 598 1098 narrat,
629 1046 791 1100 litaque,
831 1053 1021 1098 pastores
1060 1055 1186 1099 poeta
1225 1047 1462 1100 alloquitur,
1502 1061 1583 1088 non
1618 1049 1701 1088 iam

151 1116 421 1169 Daphnidem
475 1115 797 1167 celebrabimus,
850 1117 923 1157 sed
968 1117 1232 1158 Astacidam.
1308 1117 1430 1158 Illum
1478 1132 1702 1171 personam

150 1186 332 1239 fabulae,
371 1195 417 1227 ut
456 1186 664 1229 Gerckins
699 1187 867 1241 (Philol.
891 1190 958 1239 49,
991 1202 1029 1240 p.
1054 1189 1154 1242 654)
1189 1195 1230 1228 et
1262 1187 1545 1229 Haeberlinus
1580 1188 1702 1241 (Mus.

150 1256 284 1298 Rhen.
307 1260 372 1310 54,
405 1272 442 1311 p.
470 1261 551 1299 144
574 1258 668 1300 adn.
694 1259 737 1312 3)
762 1260 962 1311 suspicati
986 1265 1093 1311 sunt,
1127 1273 1206 1299 non
1234 1273 1324 1299 esse
1346 1258 1702 1300 Reitzensteinius

152 1328 413 1381 (Epigramm
455 1344 490 1370 11.
532 1328 603 1371 Sk.
636 1343 673 1382 p.
703 1331 786 1370 255
817 1328 912 1370 adn.
946 1330 985 1383 1)
1025 1329 1221 1370 ostendit.
1285 1328 1592 1371 Callimachum
1626 1329 1702 1370 sub

151 1399 221 1440 illo
262 1400 428 1453 nomine
464 1398 667 1452 Lycidam
702 1399 771 1453 (cf.
801 1399 978 1442 Theocr.
1006 1399 1060 1440 id.
1085 1400 1179 1440 VII
1212 1401 1362 1455 l2sq.)‚
1402 1402 1519 1440 cuius
1558 1414 1703 1441 verum

152 1483 301 1510 nomen
317 1469 529 1511 Dosiades
545 1477 645 1523 erat,
661 1470 897 1523 significare
913 1471 1017 1511 velle
1033 1470 1433 1520 Ribbeckius(Ann.
1448 1471 1623 1523 Bor.32‚
1636 1474 1702 1522 79)
1740 1521 1745 1526 ⁸

152 1541 305 1593 aliique
352 1542 426 1581 viri
472 1540 585 1582 docti
629 1547 900 1594 putaverunt3
947 1555 1051 1594 quos
1097 1541 1219 1582 valde
1265 1556 1404 1583 errare
1448 1540 1702 1583 Susemihlio

151 1609 340 1665 (Griech.
376 1611 457 1654 Lit.
490 1612 514 1652 Ι
557 1626 595 1665 p.
632 1614 732 1667 184)
777 1613 995 1665 assentior,
1041 1614 1111 1666 qui
1158 1620 1282 1665 negat
1331 1612 1593 1666 Cyrenaeum
1638 1614 1704 1654 vel

152 1681 425 1723 Theocritum
465 1683 566 1737 (quo
606 1697 715 1724 anno
756 1685 1014 1736 epigramma
1053 1685 1332 1736 compositum
1373 1685 1437 1736 sit,
1478 1684 1703 1738 nescimus)

151 1754 244 1794 loco
283 1753 379 1794 falsi
413 1755 592 1794 nominis
627 1768 776 1795 novum
813 1768 962 1795 nomen
997 1755 1148 1795 falsum
1183 1756 1386 1808 posuisse,
1426 1768 1560 1808 neque
1594 1756 1704 1795 enim

153 1825 373 1877 quisquam
408 1839 558 1865 novum
595 1839 742 1866 nomen
768 1833 881 1866 recte
903 1827 1172 1879 interpretari
1197 1831 1373 1878 poterat.
1417 1824 1705 1879 Quamobrem

154 1894 228 1935 sub
257 1897 423 1936 nomine
450 1896 684 1937 Astacidae
711 1903 879 1949 poetam
908 1895 1145 1937 bucolicum
1176 1895 1434 1947 Cretensem,
1469 1911 1591 1949 quem
1622 1910 1704 1937 non

154 1967 354 2012 novimus,
377 1966 705 2020 intellegendum
730 1981 820 2007 esse
845 1982 896 2007 ex
913 1974 1160 2020 argumento
1180 1966 1372 2008 bucolico
1390 1968 1703 2020 epigrammatis

152 2038 343 2090 suspicor
375 2038 490 2090 (nam
522 2045 649 2091 poeta
675 2038 948 2092 Daphnidem
982 2040 1180 2091 nominat,
1214 2045 1404 2091 pastores
1439 2039 1576 2078 socios
1607 2052 1703 2079 suos

154 2107 412 2161 alloquitur).
481 2108 626 2149 Talem
684 2110 934 2149 sententiam
985 2111 1172 2162 ineptam
1217 2123 1308 2149 esse
1353 2109 1704 2149 Wilamowitzius

154 2177 418 2232 (Textgesch.
445 2179 481 2220 d.
505 2179 658 2232 griech.
682 2179 928 2232 Bukoliker,
962 2194 998 2233 p.
1025 2183 1106 2221 176
1131 2179 1225 2221 adn.
1251 2180 1292 2234 1)
1322 2179 1438 2232 dixit,
1473 2181 1543 2232 qui
1576 2178 1704 2220 Asta-

154 2249 291 2289 cidam
324 2256 537 2303 pastorem
570 2250 699 2291 fuisse
734 2250 945 2303 censebat,
979 2252 1098 2303 quasi
1132 2249 1307 2304 quilibet
1338 2261 1483 2304 pastor
1515 2258 1703 2291 mortuus

155 2333 179 2360 a
202 2319 408 2374 Nymphis
443 2328 586 2374 raptus
621 2335 711 2361 esse
746 2328 844 2361 tunc
867 2327 1096 2375 putaretur.
1148 2321 1199 2362 In
1229 2323 1528 2375 epigrammate
1552 2335 1704 2361 nomen

154 2390 387 2431 Astacidae
422 2391 596 2433 diversis
629 2393 732 2433 locis
766 2399 840 2443 ter,
873 2394 1007 2433 οὐκέτι
1034 2406 1155 2433 versu
1188 2394 1229 2432 in
1264 2394 1387 2433 tertio
1420 2391 1483 2432 bis
1517 2392 1704 2444 legimus,

154 2461 226 2501 sed
257 2476 421 2515 semper
449 2463 621 2503 eaedem
651 2463 836 2517 syllabae
860 2477 1009 2503 vocum
1034 2467 1304 2516 repetitarum
1328 2465 1455 2503 ictum
1476 2462 1642 2504 habent.
1661 2487 1705 2492 —

161 2531 322 2573 Deinde
361 2534 402 2573 111
443 2535 755 2586 epigrammatis
795 2533 996 2574 bucolicis
1031 2533 1244 2575 Leonidas
1284 2535 1450 2587 saepius
1484 2548 1607 2574 voces
1642 2548 1703 2574 re-

155 2604 259 2655 petit
297 2618 422 2657 quam
461 2606 501 2644 in
542 2605 633 2645 aliis
674 2604 941 2656 carminibus,
987 2619 1083 2645 nam
1115 2606 1155 2645 in
1194 2608 1244 2645 78
1278 2604 1466 2645 versibus
1500 2604 1703 2644 bucolicis

155 2673 372 2714 Tarentini
412 2674 568 2727 decem,
607 2677 647 2715 in
688 2679 742 2716 80
777 2675 962 2716 versibus
1002 2676 1072 2716 alii
1105 2677 1268 2729 generis
1303 2682 1398 2716 octo
1432 2676 1703 2728 repetitiones

155 2745 434 2786 inveniuntur.
488 2746 638 2799 Itaque
672 2746 885 2786 Leonidas
920 2753 961 2786 et
984 2745 1267 2788 Callimachus
1293 2748 1372 2800 (sep.
1397 2750 1468 2799 22)
1494 2745 1703 2786 studuisse

156 2815 331 2867 putandi
376 2823 482 2868 sunt,
529 2823 573 2856 ut
611 2817 752 2857 stilum
790 2816 1027 2857 bucolicum
1068 2819 1133 2857 cui
1174 2818 1274 2857 talia
1313 2816 1489 2857 artificia
1535 2817 1704 2869 propria

157 2892 252 2925 sunt
276 2887 345 2939 (cf.
362 2886 576 2927 Theocriti
600 2887 754 2940 idyllia.
779 2913 831 2916 —
857 2886 1098 2940 Grimmium,
1124 2887 1175 2928 de
1192 2888 1368 2940 Vergilii
1392 2887 1486 2927 stilo
1512 2886 1703 2927 bucolico

159 2955 268 2998 Diss.
298 2956 564 3012 Lps.1910),
605 2959 880 3000 imitarentur.
927 2983 978 2988 —
1024 2958 1180 2999 Poetas
1222 2960 1261 2998 in
1309 2959 1476 2999 eroticis
1516 2956 1703 2998 versibus
