2028 3533
806 340 1095 377 —11-

173 457 412 510 alloquitur.
459 455 712 496 Tarentinus
737 455 817 495 hoc
842 456 883 494 in
913 456 1096 494 carmine
1125 453 1416 506 componendo
1440 452 1733 506 Asclepiadae

173 529 472 581 epigrammate
496 526 588 566 VH
613 528 695 566 284
729 539 827 565 usus
869 539 958 564 esse
999 524 1162 566 dicitur.
1231 523 1362 577 Apud
1397 522 1583 564 Samium
1625 535 1727 563 nau-

172 597 312 650 fragus
351 598 391 637 in
433 597 572 650 priore
618 596 798 636 disticho
839 609 862 635 a
894 596 999 635 mari
1038 596 1154 648 petit,
1201 601 1245 634 ut
1283 609 1307 634 a
1346 609 1388 635 se
1432 594 1553 635 cedat
1599 600 1727 647 atque

171 668 317 722 procul
357 674 518 720 strepat
557 668 820 719 saeviatque3
861 667 902 705 in
943 666 1075 706 altero
1116 665 1296 705 disticho
1337 671 1481 705 censet
1519 678 1651 714 mare,
1690 666 1726 705 si

173 752 303 791 usque
337 737 389 778 ad
425 738 662 790 sepulcrum
690 738 841 788 veniat,
877 736 977 776 nihil
1009 738 1276 776 inventurum
1305 750 1395 776 esse
1425 737 1502 776 nisi
1531 737 1733 775 cinerem.⁴

171 809 269 849 Hoc
301 810 341 848 in
377 809 559 848 carmine
593 821 760 860 quoque
794 814 959 847 mortuo
993 808 1146 847 vicinia
1180 807 1305 846 maris
1340 820 1422 846 non
1458 806 1612 859 placet:

454 880 565 919 ὀκτώ
594 895 672 931 μετ’
705 880 848 931 πήχεις
880 880 1017 931 ἄπεχε,
1050 883 1216 931 τρηχεῖα
1252 878 1454 922 θάλασσα,

525 951 595 990 καὶ
627 951 813 1002 κύμαινε,
847 950 928 1002 βόα
962 949 1129 1002 θ’ἡλίκα
1163 965 1224 988 σοι
1260 949 1443 1000 δύναμις.

290 1031 356 1072 Ex
391 1032 452 1072 his
487 1031 623 1072 verbis
658 1032 808 1084 colligo
843 1038 1009 1071 mortuo
1042 1031 1238 1070 viciniam
1273 1031 1398 1070 maris
1433 1044 1483 1070 ex
1517 1044 1565 1069 ea
1600 1043 1736 1070 causa.

171 1102 268 1143 odio
323 1117 430 1154 esse,
484 1104 582 1155 quia
635 1103 832 1155 strepitus
888 1101 1091 1142 undarum
1147 1102 1277 1141 otium
1327 1115 1445 1141 suum
1497 1100 1731 1154 perturbat.

171 1171 282 1226 Quia
315 1175 445 1225 timet,
480 1187 529 1213 ne
564 1187 675 1213 mare
710 1172 903 1226 precibus
939 1187 1020 1212 non
1056 1172 1189 1222 cedat,
1224 1173 1260 1212 ei
1294 1171 1550 1224 persuadere
1585 1170 1728 1211 studet

170 1245 317 1284 inutile
358 1258 447 1284 esse
487 1258 618 1296 usque
658 1243 711 1283 ad
752 1245 988 1296 sepulcrum
1028 1242 1236 1295 progredi.
1308 1241 1418 1282 Nam
1465 1256 1579 1282 mare
1626 1241 1729 1282 nihil

170 1315 435 1355 inventurum
476 1328 566 1355 esse
607 1315 684 1354 nisi
724 1315 908 1354 cinerem
949 1313 1060 1355 dicit.
1130 1313 1199 1353 Me
1239 1327 1406 1353 carmen
1440 1311 1733 1366 Asclepiadae

172 1383 303 1426 Samii
342 1391 456 1425 recte
495 1386 817 1438 interpret-atum
858 1398 948 1425 esse
983 1399 1003 1424 e
1030 1384 1123 1424 VII
1152 1387 1232 1424 267
1276 1383 1520 1436 Poseidippi
1561 1384 1734 1423 elucere

170 1455 270 1495 mihi
290 1455 484 1496 videtur*
506 1455 637 1508 Apud
657 1470 749 1496 eum
771 1455 998 1507 naufragus
1018 1463 1206 1495 mortuus
1226 1461 1376 1495 nautas
1398 1456 1457 1495 ita
1480 1455 1727 1507 alloquitur:

171 1524 257 1567 Cur
288 1540 354 1566 me
388 1540 518 1579 prope
552 1541 666 1566 mare
701 1524 982 1579 sepelivistis?
1036 1526 1104 1566 Me
1138 1526 1284 1579 procul
1317 1525 1368 1565 ab
1405 1525 1526 1565 undis
1560 1525 1727 1578 sepeliri

171 1610 275 1650 opus
300 1604 400 1645 erat,
432 1611 526 1637 nam
561 1599 781 1650 strepitum
815 1599 941 1637 maris
977 1596 1058 1649 odi,
1087 1604 1225 1637 tamen
1260 1596 1374 1636 vobis
1399 1597 1554 1649 gratias
1579 1595 1728 1637 habeo.

170 1667 300 1720 Apud
328 1667 632 1721 Poseidippum
661 1669 797 1720 igitur,
832 1669 898 1708 cui
930 1666 1118 1709 Samium
1152 1668 1232 1708 hoc
1263 1669 1303 1707 in
1340 1668 1523 1707 carmine
1560 1681 1734 1720 quoquev

172 1739 363 1792 exemplo
396 1738 505 1779 fuise
540 1745 717 1790 constat,
758 1738 986 1791 naufragus
1027 1738 1211 1779 dilucide
1252 1739 1435 1791 explicat
1475 1752 1516 1778 se
1556 1745 1731 1791 propter

171 1811 391 1862 strepitum
414 1810 607 1849 viciniam
635 1811 758 1850 maris
784 1811 916 1850 vitare
940 1809 1132 1851 voluisse.
1177 1809 1307 1863 Apud
1326 1808 1562 1850 Leonidam
1588 1814 1731 1849 autem

172 1894 306 1933 neque
360 1880 488 1920 ullum
539 1879 711 1920 verbum
767 1879 817 1921 de
871 1882 1047 1934 strepitu
1102 1880 1308 1920 undarum
1363 1894 1497 1932 neque
1552 1880 1731 1920 alteram.

171 1952 436 2003 sententiam,
470 1965 593 2003 quam
630 1951 741 2004 apud
777 1950 964 1992 Samium
1001 1953 1199 2005 scriptam
1234 1958 1424 1992 tenemus
1459 1951 1591 2005 (mare
1626 1950 1729 1991 nihil

169 2023 353 2062 inveniet
369 2023 447 2062 nisi
468 2022 682 2075 cinerem),
700 2023 888 2075 legimus.
923 2021 1209 2075 Quamobrem
1230 2021 1447 2063 Leonidae
1470 2023 1728 2075 epigramma

170 2092 455 2145 Asclepiadae
503 2093 693 2146 exemplo
740 2093 869 2133 fuisse
915 2107 1032 2146 nego,
1077 2119 1131 2123 -
1178 2093 1226 2133 In
1276 2094 1425 2133 ceteris
1472 2092 1729 2133 carminibus

171 2162 400 2215 Leonidae,
448 2177 554 2216 quae
594 2163 647 2203 ad
689 2164 915 2216 naufragos
949 2165 1172 2217 pertinent,
1212 2165 1440 2204 sententias
1481 2164 1735 2213 invenimus,>

171 2248 274 2287 quas
324 2233 436 2286 apud
482 2234 784 2287 Asclepiadam
835 2248 1001 2287 quoque
1051 2235 1244 2287 legimus3
1297 2248 1432 2287 neque
1480 2248 1579 2274 vero
1629 2248 1734 2275 con-v

169 2303 326 2344 firmari
365 2312 505 2357 potest
544 2304 781 2345 Leonidam
821 2305 1106 2358 Asclepiadae
1154 2305 1409 2346 carminibus
1455 2319 1574 2345 usum
1624 2319 1726 2348 esse.

171 2374 315 2415 Veluti
338 2377 378 2415 in
404 2375 493 2415 VH
518 2379 600 2416 500
627 2375 758 2418 Samii
787 2376 975 2429 Euippus
1000 2391 1024 2416 a
1046 2377 1206 2416 viatore
1231 2377 1346 2429 petit,
1371 2383 1416 2416 ut
1439 2375 1729 2429 Melesagorae

170 2447 279 2499 patri
319 2453 496 2486 mortem
534 2446 608 2486 filii
648 2448 827 2497 nuntiet3
873 2461 955 2487 una
1001 2461 1093 2487 cum
1135 2446 1343 2487 mercibus
1384 2461 1426 2488 se
1466 2449 1585 2500 aquis
1632 2447 1728 2487 sub-

170 2531 352 2557 mersum
387 2531 477 2557 esse
512 2532 646 2570 neque
675 2519 900 2571 quicquam
930 2532 1039 2558 nunc
1068 2526 1224 2558 restare
1254 2519 1331 2558 nisi
1360 2532 1509 2558 nomen
1538 2524 1733 2558 mortuus

172 2597 325 2627 narrat.
387 2587 437 2627 In
475 2587 690 2628 Leonidae
715 2588 807 2628 VH
832 2591 913 2629 652
939 2589 1000 2642 (42)
1026 2592 1109 2629 654
1133 2589 1195 2642 (5)
1222 2592 1303 2629 273
1329 2590 1390 2642 (6)
1425 2590 1600 2629 similem
1636 2603 1733 2629 sen-

171 2659 346 2698 tentiam
380 2658 594 2711 habemus,
630 2673 723 2699 nam
760 2666 968 2699 mortuum
1006 2674 1085 2700 non
1123 2659 1198 2700 sub
1238 2659 1389 2713 lapide,
1430 2659 1501 2699 sed
1542 2661 1581 2699 in
1622 2661 1729 2699 mari

171 2730 294 2769 situm
323 2743 412 2769 esse
440 2730 627 2782 legimus.
672 2729 775 2771 Cum
803 2729 1034 2771 Tarentino
1061 2729 1227 2772 Samius
1258 2744 1337 2771 non
1368 2731 1559 2783 exemplo
1588 2730 1728 2781 fuerit,

173 2800 449 2840 concluserim
478 2799 782 2842 Callimachum
818 2803 857 2841 in
887 2801 975 2841 VII
1000 2805 1079 2842 271
1108 2803 1198 2855 (17)
1233 2803 1417 2842 carmine
1441 2801 1733 2854 Asclepiadae

174 2884 291 2910 usum
320 2885 410 2911 esse
438 2871 547 2924 (VH
573 2875 667 2924 271,
692 2875 727 2923 3,
751 2876 777 2912 4
805 2873 890 2912 ἀντὶ
919 2872 954 2913 (δ’
975 2874 1132 2914 ἐκείνου
1161 2875 1324 2926 οὕνομα
1351 2874 1418 2913 καὶ
1445 2873 1587 2913 κενεὸν
1615 2877 1732 2926 σῆμα

170 2942 474 2994 παρερχόμεθα
497 2941 585 2982 Vll
610 2945 705 2995 500,
728 2945 753 2982 4
782 2975 789 2982 .
806 2975 812 2983 .
829 2976 836 2984 .
852 2976 860 2985 .
885 2943 1077 2983 Εὐίππου
1106 2943 1141 2983 (3⁹
1159 2944 1258 2984 αὐτὸ
1291 2944 1456 2983 λέλειπί
1485 2945 1649 2996 ὄνομα).
1672 2968 1732 2972 ——
