2028 3533
251 441 384 489 684:
506 440 549 485 2;

523 510 558 548 2.

544 609 552 628 7

422 440 485 487 τι,
616 438 650 486 2,
677 437 712 485 6,
737 435 781 483 8:-
819 435 882 483 73,
907 436 943 483 2,
968 436 1011 482 63
1047 435 1114 482 75,
1140 434 1178 482 4,
1203 433 1245 480 ὅς
1281 433 1414 481 77,4;
1451 432 1577 481 79,2;
1612 432 1806 481 80,4,6;

251 511 316 551 81.
346 512 388 547 2:
429 510 494 558 84,
616 507 695 554 ,8,
736 507 802 554 85,
833 507 876 553 ὃς
921 505 987 554 88,
1016 506 1060 552 23
1107 504 1174 553 89,
1202 504 1244 550 6;
1290 504 1356 553 90,
1383 504 1429 551 43
1475 503 1541 552 91,
1567 502 1614 551 43
1660 503 1726 552 92,
1756 503 1809 550 2;

253 581 317 629 94.
341 580 385 627 ὃς
427 580 491 628 95,
638 580 682 624 ὃς
721 577 785 625 97,
811 577 847 624 6,
874 576 937 625 12,
964 575 1028 624 14,
1054 575 1105 613 16
1129 592 1184 606 =
1210 573 1345 628 21‘'s'0)
1378 570 1524 612 Nicias
1558 572 1809 624 saepissime·

251 648 333 701 (VI
359 651 451 698 122,
477 650 518 696 2,
560 649 653 696 270,
679 648 714 695 2,
738 648 783 694 4;
823 643 914 683 VH
940 646 1034 694 200,
1064 647 1100 694 2,
1122 647 1167 692 4;
1207 641 1277 683 XI
1302 644 1397 693 398,
1422 645 1467 692 4;
1514 641 1630 682 XVI
1659 644 1752 694 188,
1775 644 1804 681 4

251 739 304 753 z
332 718 413 759 40⁰
434 719 467 772 υ)
501 715 684 756 adhibet.
742 713 873 767 Apud
913 714 1123 765 Erinnam,
1157 712 1378 764 Philetam,
1411 712 1594 753 Aratum
1625 711 1807 765 figuram

252 790 446 841 scriptam
483 801 563 827 non
594 785 808 827 habemus.
861 784 1238 825 Homoioteleuton
1268 785 1308 824 in
1338 782 1518 824 exitibus
1546 782 1802 824 hemistichi-

253 873 370 900 orum
404 857 456 898 ad
490 871 619 911 genus
654 855 825 909 aliquod
859 856 1207 909 epigrammatum
1243 868 1323 895 non
1360 855 1520 906 attinet,
1556 855 1808 907 praesertim

252 944 344 971 cum
379 929 533 982 Anyte,
565 926 841 981 probabiliter
872 927 1092 977 inventrix,
1126 925 1299 979 figuram
1335 933 1374 965 et
1407 926 1447 965 in
1474 924 1676 965 bucolicis
1699 931 1740 966 et
1761 926 1810 965 in

252 1002 343 1041 aliis
377 998 564 1040 versibus
599 997 764 1039 habeat.

370 1072 407 1124 c)
452 1070 544 1110 Iam
585 1068 639 1109 ad
680 1068 1003 1109 alliterationem
1050 1074 1273 1108 transeam.
1350 1066 1406 1107 Et
1443 1068 1483 1107 in
1523 1067 1643 1106 initio
1684 1072 1724 1106 et
1762 1067 1810 1106 in·

253 1143 363 1183 exitu
388 1142 510 1194 primi
528 1154 672 1180 versus
692 1138 909 1180 Leonidae
933 1139 1246 1192 epigrammatis
1264 1137 1355 1178 VH
1374 1141 1452 1179 163
1470 1139 1560 1191 (11)
1580 1138 1813 1178 alliteratio-

252 1213 419 1265 legitur:
453 1213 510 1257 τίς
541 1213 649 1255 τίνος
672 1243 863 1251 ........
884 1211 1008 1251 κίονα
1041 1214 1192 1258 κεῖσαι,
1224 1208 1357 1262 figura
1385 1209 1503 1249 elatis
1531 1222 1674 1249 versus
1702 1208 1814 1249 locis

251 1284 389 1337 posita
427 1296 593 1323 versum
634 1280 937 1322 circumcludit.
1014 1279 1150 1333 Quem
1191 1280 1380 1321 ordinem
1427 1280 1719 1320 alliterationis
1763 1280 1811 1320 in.

252 1355 315 1395 his
347 1352 536 1394 versibus
570 1352 787 1393 Leonidae
820 1353 1070 1405 reperimus:

587 439 606 474 7

586 508 611 545 4

577 579 613 621 6,

272 1436 343 1477 IX
359 1436 603 1489 322‚4(18j›
629 1436 798 1480 ἀσπίδες
831 1435 1026 1475 ἅκλαστοι
1061 1434 1144 1475 ὁάῐ
1175 1435 1382 1486 κλαὸαραὶ
1415 1436 1616 1487 κάμακες.

254 1507 345 1547 VH
363 1509 457 1559 719,
475 1510 497 1547 2
515 1507 606 1560 (23)
628 1511 753 1559 τῆνον
785 1506 857 1546 τὸν
888 1510 1046 1557 πρᾶτον
1077 1506 1228 1560 γνόντα
1259 1505 1545 1559 γελοιομελεῖν.

255 1578 346 1619 VII
362 1580 458 1630 449,
478 1581 497 1618 1
517 1578 606 1631 (37)
625 1577 872 1630 Πραταλίὸᾳ
904 1576 1095 1617 παιὸεῑον
1115 1576 1253 1628 ’'Eng
1280 1577 1420 1616 πόθον
1440 1574 1633 1628 ’Ἀρτεμις
1661 1578 1817 1628 ἄγραν,

255 1660 360 1703 Cum
401 1661 723 1701 alliterationem
763 1661 803 1699 in
845 1662 910 1711 37,
944 1662 964 1699 1
1009 1660 1241 1709 (nominum
1281 1659 1545 1712 propriorum
1583 1669 1728 1711 causa)
1768 1665 1811 1698 et

255 1734 294 1773 in
331 1735 396 1784 23,
425 1735 447 1771 ἱ)
484 1731 667 1785 (articuli
708 1732 853 1784 causa)
888 1730 1108 1770 fortuitam
1148 1744 1238 1770 esse
1280 1743 1485 1780 censeam,
1524 1729 1817 1770 alliteratione

256 1803 400 1844 similis
441 1816 567 1843 sonus
608 1801 829 1842 verborum
868 1802 908 1841 in
954 1804 1017 1853 18,
1044 1804 1071 1841 4
1112 1800 1394 1842 confirmatur.
1470 1799 1574 1842 Cum
1622 1809 1817 1841 extremo

257 1874 447 1927 exemplo
481 1873 572 1926 (37)
607 1874 789 1913 eroticus
823 1886 967 1912 versus
1000 1871 1286 1925 Asclepiadae

378 1956 475 1996 XII
489 1959 599 2009 46,4
633 1957 692 2001 ὡς
724 1956 768 1996 τὸ
802 1957 942 2007 πάρος
974 1955 1169 2002 παίζεσθ’
1197 1958 1382 2008 ἄφρονες
1415 1955 1688 2008 ἀστραγάλοις

259 2038 568 2092 comparandus
603 2047 676 2090 est,
711 2036 833 2091 quem
868 2052 961 2078 cum
995 2039 1158 2078 ratione
1187 2038 1388 2090 scriptum
1412 2051 1503 2077 esse
1525 2036 1623 2077 inde
1648 2037 1820 2090 colligo,

258 2109 372 2163 quod
405 2108 590 2164 syllabae
624 2109 676 2150 ab
705 2108 853 2149 eadem
886 2109 1006 2149 litera
1041 2108 1288 2149 inchoantes
1321 2110 1362 2148 in
1395 2109 1514 2149 initio
1549 2122 1692 2148 versus
1725 2109 1814 2148 ictu

259 2181 499 2233 efferuntur,
537 2182 577 2220 in
620 2182 734 2220 exitu
774 2181 860 2220 ictu
900 2187 1054 2220 carent.
1118 2179 1272 2231 Magna
1313 2193 1406 2220 cum
1447 2179 1656 2231 elegantia
1687 2193 1819 2220 voces

258 2254 299 2292 in
334 2251 399 2292 VI
425 2256 517 2303 149,
541 2256 566 2293 4
601 2250 849 2292 Callimachi
884 2252 975 2304 (56)
1011 2250 1231 2291 ordinatae
1265 2256 1379 2290 sunt:

599 2335 782 2375 πιστεύω
821 2334 1009 2385 Φαίδρου
1041 2334 1160 2374 παιδὶ
1198 2333 1482 2379 Φιλοξενίὸεω.

262 2416 428 2457 Deinde
462 2431 554 2458 cum
591 2418 671 2458 tria
703 2417 767 2457 vel
802 2417 1034 2469 compluria
1067 2415 1194 2456 verba
1228 2415 1405 2456 eandem
1439 2417 1616 2469 primam
1649 2416 1818 2456 literam

262 2486 435 2535 habent,
482 2488 761 2528 alliteratione
802 2487 993 2538 efficitur,
1033 2494 1078 2526 ut
1116 2488 1143 2526 ii
1178 2488 1247 2540 qui
1286 2487 1429 2539 legunt
1474 2500 1595 2526 aures
1640 2487 1822 2538 erigant..

264 2558 480 2611 Exempla,
527 2558 595 2599 ubi
642 2559 841 2599 articulus
878 2558 945 2601 *vel
984 2557 1026 2597 id
1065 2559 1138 2598 καί
1174 2572 1301 2597 unum
1341 2557 1393 2597 de
1432 2556 1564 2597 tribus
1598 2555 1815 2597 vocabulis

264 2636 336 2680 est,
380 2631 489 2669 inter
535 2629 661 2669 dubia
707 2642 949 2670 annumero.
1023 2627 1160 2681 Quam
1207 2629 1387 2681 speciem
1434 2628 1727 2668 alliterationis
1772 2628 1818 2666 in

265 2706 421 2752 septem
456 2699 644 2740 versibus
679 2700 898 2740 Tarentini
931 2700 1125 2752 legimus:
1162 2699 1252 2739 VII
1277 2702 1372 2750 658,
1399 2702 1418 2739 1
1445 2698 1506 2752 (4)
1530 2731 1536 2738 .
1562 2731 1568 2738 .
1593 2732 1601 2740 .
1624 2699 1818 2739 θάλασσα

263 2771 302 2810 τί
342 2771 413 2810 τὸν
455 2770 659 2823 Τιμάρεος
788 2770 991 2824 (syllabae
1036 2788 1067 2811 τι
1106 2771 1192 2810 ictu
1239 2778 1429 2810 carentes
1474 2771 1599 2809 tertia
1643 2767 1823 2822 syllaba„

266 2854 372 2892 quae
397 2855 420 2880 a
442 2841 562 2880 litera
586 2840 743 2881 dentali
767 2841 949 2891 inchoat,
973 2842 1219 2894 perspicuae
1244 2842 1469 2893 eveniunt),
1492 2839 1560 2879 VI
1587 2844 1650 2891 13,
1675 2842 1696 2880 1
1723 2839 1836 2893 (73)

266 2912 304 2950 οἱ
346 2913 504 2962 τρισσοί
544 2928 603 2951 τοι
649 2916 779 2952 ταῦτα
823 2912 872 2952 τὰ
919 2912 1066 2953 δίκτυα
1113 2912 1254 2963 (voces
1295 2912 1485 2951 similiter
1524 2909 1722 2950 cadentes
1762 2908 1822 2950 ab
