2028 3533
867 940 1062 1009 Caput
1100 941 1359 994 tertium.

677 1048 743 1091 De
777 1048 1169 1102 epigrammatum
1203 1047 1555 1101 compositione.

454 1133 503 1173 In
530 1131 739 1172 nonnullis
765 1124 1079 1184 epigrammatis
1105 1129 1376 1170 dedicatoriis
1405 1128 1619 1169 Leonidae
1644 1130 1893 1182 compositio

328 1212 397 1245 >est
437 1203 630 1256 simplex3
676 1202 945 1255 simplicitate
988 1208 1113 1254 poeta
1153 1199 1298 1251 efficit,
1345 1208 1389 1239 ut
1428 1201 1461 1240 is
1503 1200 1573 1252 qui
1613 1200 1713 1252 legit
1752 1201 1894 1240 statim

333 1275 567 1327 intellegat,
607 1273 708 1326 quid
742 1284 899 1326 poema·
926 1272 1037 1313 velit.
1090 1271 1234 1311 Veluti
1275 1273 1315 1311 in
1348 1270 1413 1311 VI
1444 1273 1527 1311 334
1557 1272 1646 1324 (53)
1687 1278 1813 1323 atque
1851 1271 1894 1311 in

334 1346 405 1386 IX
431 1349 512 1386 326
538 1345 628 1398 (54)
662 1345 972 1385 invocationem
999 1344 1052 1397 (V.
1080 1344 1196 1396 1-4)
1232 1342 1443 1382 dedicatio
1469 1342 1660 1394 sequitur
1683 1341 1734 1393 (V.
1762 1341 1894 1395 5—6),

334 1417 401 1457 vel
424 1430 561 1456 rerum
587 1414 877 1455 dedicatarum
902 1415 1100 1467 copiosae
1130 1414 1436 1453 enumerationi
1464 1419 1590 1465 atque
1621 1411 1894 1465 descriptioni

334 1490 374 1527 in
417 1495 603 1527 extremo
645 1486 824 1526 disticho
865 1485 1076 1526 dedicatio
1118 1484 1307 1525 succedit
1340 1483 1498 1537 (cf.V1
1523 1486 1605 1524 286
1631 1486 1741 1537 (74),
1771 1485 1894 1534 1-4,

335 1561 470 1598 5-6;
495 1557 562 1597 VI
583 1559 664 1597 289
686 1557 791 1610 (78),
815 1559 937 1607 1-6,
956 1559 1089 1605 7-8,
1126 1556 1653 1609 288(75),1-8,9-1Ο;
1689 1556 1771 1594 296
1792 1554 1894 1606 (81),

339 1632 473 1680 1—4,
499 1631 643 1678 5—63
679 1627 744 1668 VI
769 1630 849 1667 <205
883 1627 993 1680 183),
1020 1629 1156 1677 1-8,
1187 1626 1354 1675 9-1ος
1393 1630 1419 1666 4
1449 1625 1894 1679 (84),1-6,7-8).

334 1699 554 1741 interdum
591 1698 804 1739 dedicatio
840 1713 930 1738 cum
973 1699 1289 1738 enumeratione
1326 1710 1464 1737 rerum
1500 1697 1725 1736 coniuncta
1759 1702 1820 1735 est
1855 1701 1895 1736 et

336 1771 588 1824 supplicium
623 1771 813 1822 sequitur
847 1769 931 1819 (VI
957 1773 1037 1809 355
1065 1770 1175 1822 (68),
1204 1771 1332 1819 1-2,
1358 1770 1490 1817 3—43
1530 1769 1609 1808 188
1635 1768 1744 1820 (71).
1775 1770 1894 1818 1—2,

337 1845 487 1895 3-6).
550 1841 842 1881 Annotatione
884 1840 1009 1893 digna
1049 1847 1145 1880 sunt
1185 1840 1490 1892 epigrammata
1521 1838 1585 1877 Vl
1618 1840 1700 1878 154
1729 1837 1820 1891 (72)
1855 1843 1896 1877 et

336 1914 404 1954 VI
432 1916 480 1953 13
507 1916 612 1967 (73).
654 1912 703 1952 ,111
730 1911 796 1951 VI
823 1914 904 1952 154
943 1911 1067 1951 Biton
1102 1910 1235 1950 tribus
1261 1909 1349 1950 deis
1374 1917 1458 1949 tres
1482 1923 1547 1949 res
1572 1908 1753 1959 dedicat,
1787 1922 1894 1961 quae

338 1999 430 2025 cum
472 1985 583 2024 cultu
628 1983 803 2023 deorum
843 1983 1088 2034 cohaerent,
1129 1996 1305 2034 qnorum
1346 1980 1549 2021 donorum
1586 1994 1713 2020 causa
1747 1994 1769 2019 a
1806 1978 1894 2019 deis

336 2057 453 2108 petit,
495 2062 536 2094 ut
577 2054 747 2095 domum
788 2068 906 2094 suam
947 2053 1118 2093 decoret
1157 2067 1231 2093 suo
1274 2054 1451 2105 quisque
1491 2051 1630 2093 modo.
1684 2050 1734 2090 In
1758 2051 1893 2103 primo

338 2126 519 2166 disticho
555 2126 729 2177 legimus
764 2124 963 2165 Bitonem
991 2123 1110 2175 Pani,
1145 2123 1314 2166 Libero.
1347 2122 1553 2176 Nymphis
1583 2121 1896 2162 dedicationem

338 2196 500 2249 afferre,
533 2198 574 2236 in
599 2211 634 2238 v,
660 2199 770 2236 3-6
803 2210 867 2236 res
893 2195 1113 2235 dedicatae
1143 2200 1452 2245 enumerantur,
1485 2195 1525 2233 in
1550 2207 1586 2233 v.
1615 2195 1725 2232 7-8
1748 2205 1894 2245 preces

338 2269 520 2321 scriptae
572 2274 678 2309 sunt.
755 2265 950 2307 Alterum
1010 2273 1135 2318 atque
1196 2266 1366 2305 tertium
1420 2264 1629 2304 distichon
1684 2278 1708 2303 a
1760 2264 1893 2316 primo

339 2345 576 2391 quartoque
611 2337 1009 2379 circumcluduntur.
1064 2337 1113 2377 In
1154 2338 1288 2389 primo
1324 2349 1444 2375 versu
1479 2334 1569 2375 Pan
1605 2340 1730 2387 atque
1766 2333 1896 2374 Liber

339 2411 626 2460 nominantur,
667 2408 905 2448 nominibus
938 2409 1137 2460 propriis,
1178 2422 1285 2460 quae
1319 2408 1360 2446 in
1395 2408 1518 2446 tertio
1554 2412 1679 2458 atque
1713 2406 1754 2444 in
1787 2404 1895 2457 pede

338 2488 457 2520 sexto
482 2481 688 2532 leguntur,
722 2479 974 2519 adiectivum
1005 2480 1234 2531 ascriptum
1263 2486 1335 2519 est.
1389 2477 1562 2517 Initium
1588 2483 1714 2528 atque
1739 2476 1894 2515 exitum

340 2552 511 2590 alterius
540 2564 681 2590 versus
709 2549 927 2601 vocabula,
962 2549 1112 2602 quibus
1147 2548 1359 2588 dedicatio
1394 2549 1652 2600 exprimitur,
1686 2552 1895 2599 occupant

341 2623 539 2675 (πρέσβυς
675 2623 804 2675 ἔθηκε
837 2622 1011 2673 Βίτων),
1050 2622 1091 2660 in
1131 2619 1269 2660 medio
1303 2633 1424 2659 versu
1462 2617 1702 2672 Nymphae,
1743 2616 1894 2670 quibus

341 2692 593 2732 adiectivuin
629 2706 709 2731 non
746 2691 992 2732 attributum
1029 2698 1101 2743 est,
1137 2692 1416 2731 nominantur.
1444 2704 1448 2708 “
1479 2689 1528 2729 In
1564 2687 1752 2729 versibus
1782 2690 1893 2729 3-6

342 2762 408 2802 dei
441 2765 481 2802 in
517 2763 663 2803 eadem
697 2764 803 2803 serie
839 2768 1137 2803 enumerantur
1171 2770 1294 2814 atque
1328 2763 1369 2800 in
1397 2774 1432 2800 v.
1459 2763 1582 2811 1—2.
1616 2761 1657 2799 in
1680 2773 1715 2799 v.
1742 2762 1763 2800 3
1788 2758 1895 2799 Pani

341 2835 381 2872 in
402 2847 436 2872 v.
453 2837 478 2873 4
497 2833 664 2885 Libero,
688 2833 894 2886 Nymphis
919 2835 959 2873 in
983 2847 1016 2873 v.
1037 2836 1147 2872 5-6
1173 2832 1394 2872 dedicatur
1417 2830 1486 2884 (dc
1507 2830 1652 2871 ordine
1671 2829 1894 2870 verborum

342 2905 381 2943 in
408 2918 442 2943 v,
468 2907 503 2955 5,
529 2908 551 2944 6
581 2905 631 2945 cf.
656 2904 841 2950 Norden,
866 2903 998 2944 Aenis
1024 2903 1099 2952 VI,
1123 2918 1160 2956 p.
1186 2905 1267 2943 389
1293 2903 1417 2956 anm).
1471 2900 1609 2942 Series
1634 2900 1807 2941 deorum
1832 2905 1895 2940 est

344 2982 503 3013 mutata
537 2976 575 3013 in
612 2981 797 3015 extremo
833 2975 1031 3016 disticho.
1070 2974 1292 3027 Nymphae
1328 2974 1509 3026 primum
1541 2973 1680 3012 locum
1715 2971 1894 3024 explent,
