<?xml version="1.0" encoding="UTF-8"?>
<!DOCTYPE html PUBLIC "-//W3C//DTD XHTML 1.0 Transitional//EN"
    "http://www.w3.org/TR/xhtml1/DTD/xhtml1-transitional.dtd">
<html xmlns="http://www.w3.org/1999/xhtml" xml:lang="en" lang="en">
 <head>
  <title>
</title>
<meta http-equiv="Content-Type" content="text/html;charset=utf-8" />
  <meta name='ocr-system' content='tesseract 3.04.00' />
  <meta name='ocr-capabilities' content='ocr_page ocr_carea ocr_par ocr_line ocrx_word'/>
</head>
<body>
  <div class='ocr_page' id='page_1' title='image "./deleonidatarenti00hansuoft_0025.png"; bbox 0 0 2028 3533; ppageno 0'>
   <div class='ocr_carea' id='block_1_1' title="bbox 178 456 1728 863">
    <p class='ocr_par' dir='ltr' id='par_1_1' title="bbox 178 456 1728 863">
     <span class='ocr_line' id='line_1_1' title="bbox 178 456 1725 513; baseline -0.004 -12"><span class='ocrx_word' id='word_1_1' title='bbox 178 467 349 513; x_wconf 84' lang='lat' dir='ltr'>tractat,</span> <span class='ocrx_word' id='word_1_2' title='bbox 383 462 480 513; x_wconf 87' lang='lat' dir='ltr'>quia</span> <span class='ocrx_word' id='word_1_3' title='bbox 518 462 551 500; x_wconf 93' lang='lat' dir='ltr'>is</span> <span class='ocrx_word' id='word_1_4' title='bbox 586 461 654 513; x_wconf 90' lang='lat' dir='ltr'>qui</span> <span class='ocrx_word' id='word_1_5' title='bbox 697 460 794 511; x_wconf 80' lang='lat' dir='ltr'>legit</span> <span class='ocrx_word' id='word_1_6' title='bbox 833 473 923 498; x_wconf 87' lang='lat' dir='ltr'>eam</span> <span class='ocrx_word' id='word_1_7' title='bbox 961 458 1085 497; x_wconf 86' lang='lat' dir='ltr'>facile</span> <span class='ocrx_word' id='word_1_8' title='bbox 1120 472 1140 497; x_wconf 89' lang='lat' dir='ltr'>e</span> <span class='ocrx_word' id='word_1_9' title='bbox 1175 458 1357 497; x_wconf 79' lang='lat' dir='ltr'>camnine</span> <span class='ocrx_word' id='word_1_10' title='bbox 1393 457 1560 508; x_wconf 79' lang='lat' dir='ltr'>colligit.</span> <span class='ocrx_word' id='word_1_11' title='bbox 1624 456 1725 508; x_wconf 82' lang='lat' dir='ltr'>Epi-</span> 
     </span>
     <span class='ocr_line' id='line_1_2' title="bbox 178 521 1725 583; baseline -0.004 -12"><span class='ocrx_word' id='word_1_12' title='bbox 178 545 364 583; x_wconf 83' lang='lat' dir='ltr'>gramma</span> <span class='ocrx_word' id='word_1_13' title='bbox 404 521 456 570; x_wconf 77' lang='lat' dir='ltr'>ad</span> <span class='ocrx_word' id='word_1_14' title='bbox 491 531 696 570; x_wconf 85' lang='lat' dir='ltr'>Hecalam</span> <span class='ocrx_word' id='word_1_15' title='bbox 737 538 927 582; x_wconf 87' lang='lat' dir='ltr'>spectare</span> <span class='ocrx_word' id='word_1_16' title='bbox 960 530 1048 567; x_wconf 86' lang='lat' dir='ltr'>viro</span> <span class='ocrx_word' id='word_1_17' title='bbox 1089 527 1214 567; x_wconf 88' lang='lat' dir='ltr'>docto</span> <span class='ocrx_word' id='word_1_18' title='bbox 1256 527 1439 567; x_wconf 79' lang='lat' dir='ltr'>Pohlenz</span> <span class='ocrx_word' id='word_1_19' title='bbox 1474 527 1530 579; x_wconf 84' lang='lat' dir='ltr'>(p.</span> <span class='ocrx_word' id='word_1_20' title='bbox 1554 528 1627 577; x_wconf 75' lang='lat'>84)</span> <span class='ocrx_word' id='word_1_21' title='bbox 1662 539 1725 566; x_wconf 92' lang='lat' dir='ltr'>as-</span> 
     </span>
     <span class='ocr_line' id='line_1_3' title="bbox 179 597 1726 653; baseline -0.003 -12"><span class='ocrx_word' id='word_1_22' title='bbox 179 603 322 642; x_wconf 81' lang='lat' dir='ltr'>sentiri</span> <span class='ocrx_word' id='word_1_23' title='bbox 363 615 443 641; x_wconf 92' lang='lat' dir='ltr'>non</span> <span class='ocrx_word' id='word_1_24' title='bbox 483 614 671 653; x_wconf 89' lang='lat' dir='ltr'>possum,</span> <span class='ocrx_word' id='word_1_25' title='bbox 717 601 814 652; x_wconf 87' lang='lat' dir='ltr'>quia</span> <span class='ocrx_word' id='word_1_26' title='bbox 858 605 983 651; x_wconf 88' lang='lat' dir='ltr'>poeta</span> <span class='ocrx_word' id='word_1_27' title='bbox 1023 598 1073 638; x_wconf 86' lang='lat' dir='ltr'>de</span> <span class='ocrx_word' id='word_1_28' title='bbox 1113 597 1235 638; x_wconf 89' lang='lat' dir='ltr'>rebus</span> <span class='ocrx_word' id='word_1_29' title='bbox 1282 597 1334 637; x_wconf 89' lang='lat' dir='ltr'>ad</span> <span class='ocrx_word' id='word_1_30' title='bbox 1374 612 1416 637; x_wconf 90' lang='lat' dir='ltr'>se</span> <span class='ocrx_word' id='word_1_31' title='bbox 1454 598 1590 650; x_wconf 90' lang='lat' dir='ltr'>ipsum</span> <span class='ocrx_word' id='word_1_32' title='bbox 1634 611 1726 649; x_wconf 87' lang='lat' dir='ltr'>per-</span> 
     </span>
     <span class='ocr_line' id='line_1_4' title="bbox 179 667 1727 721; baseline -0.004 -9"><span class='ocrx_word' id='word_1_33' title='bbox 179 671 407 712; x_wconf 87' lang='lat' dir='ltr'>tinentibus</span> <span class='ocrx_word' id='word_1_34' title='bbox 442 670 567 711; x_wconf 83' lang='lat' dir='ltr'>verba</span> <span class='ocrx_word' id='word_1_35' title='bbox 601 670 721 720; x_wconf 75' lang='lat' dir='ltr'>facit3</span> <span class='ocrx_word' id='word_1_36' title='bbox 763 684 857 709; x_wconf 87' lang='lat' dir='ltr'>nam</span> <span class='ocrx_word' id='word_1_37' title='bbox 898 675 1064 721; x_wconf 86' lang='lat' dir='ltr'>poetam</span> <span class='ocrx_word' id='word_1_38' title='bbox 1101 668 1171 708; x_wconf 91' lang='lat' dir='ltr'>diu</span> <span class='ocrx_word' id='word_1_39' title='bbox 1205 674 1399 720; x_wconf 84' lang='lat' dir='ltr'>vagatum</span> <span class='ocrx_word' id='word_1_40' title='bbox 1435 681 1525 707; x_wconf 90' lang='lat' dir='ltr'>esse</span> <span class='ocrx_word' id='word_1_41' title='bbox 1560 681 1609 707; x_wconf 82' lang='lat' dir='ltr'>ex</span> <span class='ocrx_word' id='word_1_42' title='bbox 1642 667 1727 719; x_wconf 88' lang='lat' dir='ltr'>epi-</span> 
     </span>
     <span class='ocr_line' id='line_1_5' title="bbox 179 736 1728 794; baseline -0.003 -12"><span class='ocrx_word' id='word_1_43' title='bbox 179 748 410 794; x_wconf 80' lang='lat' dir='ltr'>grammate</span> <span class='ocrx_word' id='word_1_44' title='bbox 435 741 524 781; x_wconf 74' lang='lat' dir='ltr'>VH</span> <span class='ocrx_word' id='word_1_45' title='bbox 551 743 650 791; x_wconf 85' lang='lat'>715,</span> <span class='ocrx_word' id='word_1_46' title='bbox 685 739 796 793; x_wconf 91' lang='lat' dir='ltr'>quod</span> <span class='ocrx_word' id='word_1_47' title='bbox 831 754 855 779; x_wconf 91' lang='lat' dir='ltr'>a</span> <span class='ocrx_word' id='word_1_48' title='bbox 888 738 1079 779; x_wconf 83' lang='lat' dir='ltr'>Leonida</span> <span class='ocrx_word' id='word_1_49' title='bbox 1115 738 1440 778; x_wconf 86' lang='lat' dir='ltr'>abiudicandum</span> <span class='ocrx_word' id='word_1_50' title='bbox 1476 752 1566 778; x_wconf 87' lang='lat' dir='ltr'>esse</span> <span class='ocrx_word' id='word_1_51' title='bbox 1600 736 1672 777; x_wconf 87' lang='lat' dir='ltr'>sed</span> <span class='ocrx_word' id='word_1_52' title='bbox 1707 751 1728 776; x_wconf 91' lang='lat' dir='ltr'>e</span> 
     </span>
     <span class='ocr_line' id='line_1_6' title="bbox 179 809 1477 863; baseline -0.003 -11"><span class='ocrx_word' id='word_1_53' title='bbox 179 812 300 852; x_wconf 90' lang='lat' dir='ltr'>bonis</span> <span class='ocrx_word' id='word_1_54' title='bbox 334 811 522 852; x_wconf 88' lang='lat' dir='ltr'>fontibus</span> <span class='ocrx_word' id='word_1_55' title='bbox 555 812 722 851; x_wconf 91' lang='lat' dir='ltr'>haurire</span> <span class='ocrx_word' id='word_1_56' title='bbox 758 809 807 851; x_wconf 84' lang='lat' dir='ltr'>G.</span> <span class='ocrx_word' id='word_1_57' title='bbox 842 817 953 849; x_wconf 90' lang='lat' dir='ltr'>recte</span> <span class='ocrx_word' id='word_1_58' title='bbox 988 811 1192 863; x_wconf 74' lang='lat' dir='ltr'>exposuit,</span> <span class='ocrx_word' id='word_1_59' title='bbox 1227 809 1477 861; x_wconf 80' lang='lat' dir='ltr'>colligimus:</span> 
     </span>
    </p>
   </div>
   <div class='ocr_carea' id='block_1_2' title="bbox 468 905 1471 957">
    <p class='ocr_par' dir='ltr' id='par_1_2' title="bbox 468 905 1471 957">
     <span class='ocr_line' id='line_1_7' title="bbox 468 905 1471 957; baseline -0.008 -12"><span class='ocrx_word' id='word_1_60' title='bbox 468 921 503 945; x_wconf 82' lang='lat' dir='ltr'>v.</span> <span class='ocrx_word' id='word_1_61' title='bbox 528 909 550 945; x_wconf 85' lang='lat'>3</span> <span class='ocrx_word' id='word_1_62' title='bbox 594 910 775 949; x_wconf 79' lang='grc' dir='ltr'><em>τοιοῦτος</em></span> <span class='ocrx_word' id='word_1_63' title='bbox 806 905 991 945; x_wconf 55' lang='lat' dir='ltr'>movim</span> <span class='ocrx_word' id='word_1_64' title='bbox 1022 905 1139 957; x_wconf 81' lang='grc' dir='ltr'><em>ἄβιος</em></span> <span class='ocrx_word' id='word_1_65' title='bbox 1170 905 1275 957; x_wconf 82' lang='grc' dir='ltr'><strong><em>βίος·</em></strong></span> <span class='ocrx_word' id='word_1_66' title='bbox 1308 922 1471 938; x_wconf 61' lang='grc' dir='ltr'>-υψ--</span> 
     </span>
    </p>
   </div>
   <div class='ocr_carea' id='block_1_3' title="bbox 181 1009 1743 2266">
    <p class='ocr_par' dir='ltr' id='par_1_3' title="bbox 181 1009 1743 2266">
     <span class='ocr_line' id='line_1_8' title="bbox 181 1009 1732 1063; baseline -0.003 -11"><span class='ocrx_word' id='word_1_67' title='bbox 181 1011 347 1052; x_wconf 86' lang='lat' dir='ltr'>Deinde</span> <span class='ocrx_word' id='word_1_68' title='bbox 402 1013 609 1052; x_wconf 88' lang='lat' dir='ltr'>sententia</span> <span class='ocrx_word' id='word_1_69' title='bbox 661 1011 904 1063; x_wconf 87' lang='lat' dir='ltr'>principalis</span> <span class='ocrx_word' id='word_1_70' title='bbox 957 1016 1041 1049; x_wconf 89' lang='lat' dir='ltr'>tam</span> <span class='ocrx_word' id='word_1_71' title='bbox 1089 1009 1266 1062; x_wconf 86' lang='lat' dir='ltr'>simplex</span> <span class='ocrx_word' id='word_1_72' title='bbox 1311 1014 1389 1061; x_wconf 87' lang='lat' dir='ltr'>est,</span> <span class='ocrx_word' id='word_1_73' title='bbox 1435 1022 1557 1060; x_wconf 88' lang='lat' dir='ltr'>quam</span> <span class='ocrx_word' id='word_1_74' title='bbox 1604 1013 1732 1060; x_wconf 86' lang='lat' dir='ltr'>poeta</span> 
     </span>
     <span class='ocr_line' id='line_1_9' title="bbox 181 1079 1732 1134; baseline -0.003 -11"><span class='ocrx_word' id='word_1_75' title='bbox 181 1083 305 1123; x_wconf 86' lang='lat' dir='ltr'>facile</span> <span class='ocrx_word' id='word_1_76' title='bbox 361 1084 547 1122; x_wconf 77' lang='lat' dir='ltr'>invenire</span> <span class='ocrx_word' id='word_1_77' title='bbox 604 1082 799 1134; x_wconf 81' lang='lat' dir='ltr'>potuerit.</span> <span class='ocrx_word' id='word_1_78' title='bbox 882 1080 948 1120; x_wconf 80' lang='lat' dir='ltr'>Ex</span> <span class='ocrx_word' id='word_1_79' title='bbox 1004 1079 1161 1120; x_wconf 88' lang='lat' dir='ltr'>eisdem</span> <span class='ocrx_word' id='word_1_80' title='bbox 1215 1080 1350 1119; x_wconf 90' lang='lat' dir='ltr'>causis</span> <span class='ocrx_word' id='word_1_81' title='bbox 1405 1093 1509 1131; x_wconf 80' lang='lat' dir='ltr'>nego</span> <span class='ocrx_word' id='word_1_82' title='bbox 1563 1084 1732 1132; x_wconf 88' lang='lat' dir='ltr'>poetam</span> 
     </span>
     <span class='ocr_line' id='line_1_10' title="bbox 182 1149 1732 1205; baseline -0.003 -12"><span class='ocrx_word' id='word_1_83' title='bbox 182 1155 433 1193; x_wconf 81' lang='lat' dir='ltr'>sententiam</span> <span class='ocrx_word' id='word_1_84' title='bbox 473 1167 494 1192; x_wconf 92' lang='lat' dir='ltr'>e</span> <span class='ocrx_word' id='word_1_85' title='bbox 535 1153 741 1205; x_wconf 81' lang='lat' dir='ltr'>sapientia</span> <span class='ocrx_word' id='word_1_86' title='bbox 783 1150 939 1205; x_wconf 87' lang='lat' dir='ltr'>Cynica</span> <span class='ocrx_word' id='word_1_87' title='bbox 981 1149 1058 1191; x_wconf 91' lang='lat' dir='ltr'>sibi</span> <span class='ocrx_word' id='word_1_88' title='bbox 1098 1151 1337 1202; x_wconf 85' lang='lat' dir='ltr'>sumpsisse.</span> <span class='ocrx_word' id='word_1_89' title='bbox 1370 1175 1426 1178; x_wconf 97' lang='lat'><strong>—</strong></span> <span class='ocrx_word' id='word_1_90' title='bbox 1460 1149 1732 1202; x_wconf 80' lang='lat' dir='ltr'>Epigramma</span> 
     </span>
     <span class='ocr_line' id='line_1_11' title="bbox 184 1220 1733 1276; baseline -0.003 -12"><span class='ocrx_word' id='word_1_91' title='bbox 184 1224 274 1264; x_wconf 80' lang='lat' dir='ltr'>VH</span> <span class='ocrx_word' id='word_1_92' title='bbox 297 1227 381 1264; x_wconf 78' lang='lat'>472</span> <span class='ocrx_word' id='word_1_93' title='bbox 416 1222 467 1264; x_wconf 84' lang='lat' dir='ltr'>G.</span> <span class='ocrx_word' id='word_1_94' title='bbox 499 1224 541 1263; x_wconf 89' lang='lat' dir='ltr'>in</span> <span class='ocrx_word' id='word_1_95' title='bbox 574 1222 681 1263; x_wconf 89' lang='lat' dir='ltr'>libro</span> <span class='ocrx_word' id='word_1_96' title='bbox 706 1222 878 1276; x_wconf 84' lang='lat' dir='ltr'>Kynika</span> <span class='ocrx_word' id='word_1_97' title='bbox 902 1220 1232 1261; x_wconf 87' lang='lat' dir='ltr'>u.Verwandtes</span> <span class='ocrx_word' id='word_1_98' title='bbox 1261 1222 1320 1260; x_wconf 86' lang='lat' dir='ltr'>ita</span> <span class='ocrx_word' id='word_1_99' title='bbox 1346 1222 1645 1273; x_wconf 84' lang='lat' dir='ltr'>interpretatus</span> <span class='ocrx_word' id='word_1_100' title='bbox 1671 1225 1733 1259; x_wconf 89' lang='lat' dir='ltr'>est</span> 
     </span>
     <span class='ocr_line' id='line_1_12' title="bbox 181 1289 1730 1348; baseline -0.004 -13"><span class='ocrx_word' id='word_1_101' title='bbox 181 1296 238 1348; x_wconf 64' lang='lat' dir='ltr'>l&#39;p.</span> <span class='ocrx_word' id='word_1_102' title='bbox 268 1294 447 1347; x_wconf 45' lang='lat' dir='ltr'>llsqu),</span> <span class='ocrx_word' id='word_1_103' title='bbox 475 1300 519 1333; x_wconf 84' lang='lat' dir='ltr'>nt</span> <span class='ocrx_word' id='word_1_104' title='bbox 552 1293 603 1333; x_wconf 87' lang='lat' dir='ltr'>de</span> <span class='ocrx_word' id='word_1_105' title='bbox 637 1299 883 1345; x_wconf 81' lang='lat' dir='ltr'>argumento</span> <span class='ocrx_word' id='word_1_106' title='bbox 917 1292 1018 1332; x_wconf 91' lang='lat' dir='ltr'>mihi</span> <span class='ocrx_word' id='word_1_107' title='bbox 1053 1291 1153 1331; x_wconf 87' lang='lat' dir='ltr'>nihil</span> <span class='ocrx_word' id='word_1_108' title='bbox 1178 1291 1417 1331; x_wconf 88' lang='lat' dir='ltr'>addendum</span> <span class='ocrx_word' id='word_1_109' title='bbox 1443 1292 1506 1332; x_wconf 90' lang='lat' dir='ltr'>sit.</span> <span class='ocrx_word' id='word_1_110' title='bbox 1553 1289 1730 1331; x_wconf 82' lang='lat' dir='ltr'>Carmen</span> 
     </span>
     <span class='ocr_line' id='line_1_13' title="bbox 184 1359 1733 1415; baseline -0.003 -11"><span class='ocrx_word' id='word_1_111' title='bbox 184 1365 455 1405; x_wconf 87' lang='lat' dir='ltr'>dividendum</span> <span class='ocrx_word' id='word_1_112' title='bbox 490 1378 580 1404; x_wconf 89' lang='lat' dir='ltr'>esse</span> <span class='ocrx_word' id='word_1_113' title='bbox 613 1371 685 1403; x_wconf 88' lang='lat' dir='ltr'>aut</span> <span class='ocrx_word' id='word_1_114' title='bbox 718 1377 860 1403; x_wconf 88' lang='lat' dir='ltr'>versus</span> <span class='ocrx_word' id='word_1_115' title='bbox 895 1363 976 1403; x_wconf 86' lang='lat' dir='ltr'>alio</span> <span class='ocrx_word' id='word_1_116' title='bbox 1003 1364 1043 1402; x_wconf 93' lang='lat' dir='ltr'>in</span> <span class='ocrx_word' id='word_1_117' title='bbox 1073 1363 1166 1402; x_wconf 91' lang='lat' dir='ltr'>loco</span> <span class='ocrx_word' id='word_1_118' title='bbox 1190 1361 1408 1415; x_wconf 85' lang='lat' dir='ltr'>ponendos</span> <span class='ocrx_word' id='word_1_119' title='bbox 1432 1376 1522 1401; x_wconf 90' lang='lat' dir='ltr'>esse</span> <span class='ocrx_word' id='word_1_120' title='bbox 1547 1359 1597 1402; x_wconf 84' lang='lat' dir='ltr'>G.</span> <span class='ocrx_word' id='word_1_121' title='bbox 1620 1366 1733 1401; x_wconf 90' lang='lat' dir='ltr'>recte</span> 
     </span>
     <span class='ocr_line' id='line_1_14' title="bbox 185 1433 1735 1487; baseline -0.003 -11"><span class='ocrx_word' id='word_1_122' title='bbox 185 1443 327 1487; x_wconf 72' lang='lat' dir='ltr'>negat,</span> <span class='ocrx_word' id='word_1_123' title='bbox 362 1449 565 1475; x_wconf 90' lang='lat' dir='ltr'>summam</span> <span class='ocrx_word' id='word_1_124' title='bbox 600 1436 795 1474; x_wconf 77' lang='lat' dir='ltr'>carminis</span> <span class='ocrx_word' id='word_1_125' title='bbox 830 1435 1080 1474; x_wconf 88' lang='lat' dir='ltr'>sententiam</span> <span class='ocrx_word' id='word_1_126' title='bbox 1117 1433 1196 1473; x_wconf 93' lang='lat' dir='ltr'>hoc</span> <span class='ocrx_word' id='word_1_127' title='bbox 1230 1434 1491 1472; x_wconf 86' lang='lat' dir='ltr'>enuntiatum</span> <span class='ocrx_word' id='word_1_128' title='bbox 1519 1433 1735 1472; x_wconf 89' lang='lat' dir='ltr'>continere</span> 
     </span>
     <span class='ocr_line' id='line_1_15' title="bbox 184 1502 1735 1559; baseline -0.004 -12"><span class='ocrx_word' id='word_1_129' title='bbox 184 1514 304 1559; x_wconf 85' lang='lat' dir='ltr'>puto:</span> <span class='ocrx_word' id='word_1_130' title='bbox 346 1507 429 1546; x_wconf 82' lang='lat' dir='ltr'>vita</span> <span class='ocrx_word' id='word_1_131' title='bbox 464 1505 565 1545; x_wconf 89' lang='lat' dir='ltr'>nihil</span> <span class='ocrx_word' id='word_1_132' title='bbox 599 1506 719 1546; x_wconf 88' lang='lat' dir='ltr'>valet.</span> <span class='ocrx_word' id='word_1_133' title='bbox 784 1505 840 1544; x_wconf 80' lang='lat' dir='ltr'>Et</span> <span class='ocrx_word' id='word_1_134' title='bbox 872 1506 1034 1544; x_wconf 87' lang='lat' dir='ltr'>initium</span> <span class='ocrx_word' id='word_1_135' title='bbox 1070 1504 1251 1557; x_wconf 88' lang='lat' dir='ltr'>(tempus</span> <span class='ocrx_word' id='word_1_136' title='bbox 1292 1510 1355 1543; x_wconf 90' lang='lat' dir='ltr'>est</span> <span class='ocrx_word' id='word_1_137' title='bbox 1391 1502 1615 1554; x_wconf 90' lang='lat' dir='ltr'>infinitum,</span> <span class='ocrx_word' id='word_1_138' title='bbox 1649 1503 1735 1542; x_wconf 87' lang='lat' dir='ltr'>vita</span> 
     </span>
     <span class='ocr_line' id='line_1_16' title="bbox 185 1573 1735 1630; baseline -0.003 -13"><span class='ocrx_word' id='word_1_139' title='bbox 185 1584 247 1617; x_wconf 90' lang='lat' dir='ltr'>est</span> <span class='ocrx_word' id='word_1_140' title='bbox 280 1583 499 1630; x_wconf 79' lang='lat' dir='ltr'>punctum)</span> <span class='ocrx_word' id='word_1_141' title='bbox 535 1584 575 1616; x_wconf 87' lang='lat' dir='ltr'>et</span> <span class='ocrx_word' id='word_1_142' title='bbox 607 1582 829 1628; x_wconf 86' lang='lat' dir='ltr'>sequentes</span> <span class='ocrx_word' id='word_1_143' title='bbox 862 1589 1007 1615; x_wconf 82' lang='lat' dir='ltr'>versus</span> <span class='ocrx_word' id='word_1_144' title='bbox 1042 1575 1145 1621; x_wconf 82' lang='lat' dir='ltr'>(vita</span> <span class='ocrx_word' id='word_1_145' title='bbox 1178 1581 1241 1614; x_wconf 85' lang='lat' dir='ltr'>est</span> <span class='ocrx_word' id='word_1_146' title='bbox 1273 1581 1392 1626; x_wconf 80' lang='lat' dir='ltr'>tetra,</span> <span class='ocrx_word' id='word_1_147' title='bbox 1425 1573 1546 1614; x_wconf 86' lang='lat' dir='ltr'>labor</span> <span class='ocrx_word' id='word_1_148' title='bbox 1576 1573 1735 1613; x_wconf 92' lang='lat' dir='ltr'>inutilis</span> 
     </span>
     <span class='ocr_line' id='line_1_17' title="bbox 186 1643 1735 1702; baseline -0.003 -14"><span class='ocrx_word' id='word_1_149' title='bbox 186 1655 266 1702; x_wconf 70' lang='lat' dir='ltr'>est)</span> <span class='ocrx_word' id='word_1_150' title='bbox 290 1654 331 1688; x_wconf 87' lang='lat' dir='ltr'>et</span> <span class='ocrx_word' id='word_1_151' title='bbox 354 1649 487 1687; x_wconf 85' lang='lat' dir='ltr'>exitus</span> <span class='ocrx_word' id='word_1_152' title='bbox 513 1648 589 1701; x_wconf 53' lang='lat' dir='ltr'>(svis</span> <span class='ocrx_word' id='word_1_153' title='bbox 614 1647 795 1686; x_wconf 86' lang='lat' dir='ltr'>humana</span> <span class='ocrx_word' id='word_1_154' title='bbox 820 1652 883 1686; x_wconf 86' lang='lat' dir='ltr'>est</span> <span class='ocrx_word' id='word_1_155' title='bbox 905 1660 1046 1698; x_wconf 82' lang='lat' dir='ltr'>parva,</span> <span class='ocrx_word' id='word_1_156' title='bbox 1080 1660 1101 1686; x_wconf 88' lang='lat' dir='ltr'>e</span> <span class='ocrx_word' id='word_1_157' title='bbox 1124 1647 1238 1685; x_wconf 91' lang='lat' dir='ltr'>tenui</span> <span class='ocrx_word' id='word_1_158' title='bbox 1263 1646 1374 1697; x_wconf 84' lang='lat' dir='ltr'>ligno</span> <span class='ocrx_word' id='word_1_159' title='bbox 1399 1645 1550 1697; x_wconf 88' lang='lat' dir='ltr'>sculpti</span> <span class='ocrx_word' id='word_1_160' title='bbox 1574 1643 1735 1696; x_wconf 83' lang='lat' dir='ltr'>sumus)</span> 
     </span>
     <span class='ocr_line' id='line_1_18' title="bbox 186 1713 1737 1767; baseline -0.003 -9"><span class='ocrx_word' id='word_1_161' title='bbox 186 1733 279 1764; x_wconf 87' lang='lat' dir='ltr'>cum</span> <span class='ocrx_word' id='word_1_162' title='bbox 313 1719 383 1759; x_wconf 91' lang='lat' dir='ltr'>illo</span> <span class='ocrx_word' id='word_1_163' title='bbox 419 1719 635 1758; x_wconf 86' lang='lat' dir='ltr'>enuntiato</span> <span class='ocrx_word' id='word_1_164' title='bbox 671 1719 877 1757; x_wconf 82' lang='lat' dir='ltr'>convenit.</span> <span class='ocrx_word' id='word_1_165' title='bbox 931 1716 1054 1757; x_wconf 88' lang='lat' dir='ltr'>Tales</span> <span class='ocrx_word' id='word_1_166' title='bbox 1079 1717 1308 1756; x_wconf 87' lang='lat' dir='ltr'>sententias</span> <span class='ocrx_word' id='word_1_167' title='bbox 1333 1730 1413 1755; x_wconf 92' lang='lat' dir='ltr'>non</span> <span class='ocrx_word' id='word_1_168' title='bbox 1439 1714 1564 1755; x_wconf 89' lang='lat' dir='ltr'>modo</span> <span class='ocrx_word' id='word_1_169' title='bbox 1590 1713 1737 1767; x_wconf 87' lang='lat' dir='ltr'>Cynici</span> 
     </span>
     <span class='ocr_line' id='line_1_19' title="bbox 187 1785 1741 1841; baseline -0.003 -12"><span class='ocrx_word' id='word_1_170' title='bbox 187 1789 259 1829; x_wconf 89' lang='lat' dir='ltr'>sed</span> <span class='ocrx_word' id='word_1_171' title='bbox 306 1791 429 1829; x_wconf 86' lang='lat' dir='ltr'>etiam</span> <span class='ocrx_word' id='word_1_172' title='bbox 483 1789 552 1829; x_wconf 89' lang='lat' dir='ltr'>alii</span> <span class='ocrx_word' id='word_1_173' title='bbox 605 1788 844 1841; x_wconf 87' lang='lat' dir='ltr'>philosophi</span> <span class='ocrx_word' id='word_1_174' title='bbox 897 1793 1192 1841; x_wconf 88' lang='lat' dir='ltr'>exposuerunt.</span> <span class='ocrx_word' id='word_1_175' title='bbox 1266 1786 1376 1827; x_wconf 90' lang='lat' dir='ltr'>Nam</span> <span class='ocrx_word' id='word_1_176' title='bbox 1422 1787 1462 1826; x_wconf 87' lang='lat' dir='ltr'>in</span> <span class='ocrx_word' id='word_1_177' title='bbox 1510 1785 1615 1826; x_wconf 90' lang='lat' dir='ltr'>libro</span> <span class='ocrx_word' id='word_1_178' title='bbox 1662 1799 1741 1825; x_wconf 74' lang='lat' dir='ltr'>suov</span> 
     </span>
     <span class='ocr_line' id='line_1_20' title="bbox 190 1856 1739 1913; baseline -0.003 -13"><span class='ocrx_word' id='word_1_179' title='bbox 190 1859 361 1913; x_wconf 79' lang='lat' dir='ltr'>Kynika</span> <span class='ocrx_word' id='word_1_180' title='bbox 395 1874 431 1901; x_wconf 88' lang='lat' dir='ltr'>u.</span> <span class='ocrx_word' id='word_1_181' title='bbox 449 1859 584 1899; x_wconf 70' lang='lat' dir='ltr'>Verw.</span> <span class='ocrx_word' id='word_1_182' title='bbox 618 1861 680 1898; x_wconf 87' lang='lat' dir='ltr'>vir</span> <span class='ocrx_word' id='word_1_183' title='bbox 714 1859 862 1898; x_wconf 88' lang='lat' dir='ltr'>doctus</span> <span class='ocrx_word' id='word_1_184' title='bbox 887 1857 937 1900; x_wconf 83' lang='lat' dir='ltr'>G.</span> <span class='ocrx_word' id='word_1_185' title='bbox 962 1865 1002 1898; x_wconf 86' lang='lat' dir='ltr'>et</span> <span class='ocrx_word' id='word_1_186' title='bbox 1031 1858 1140 1897; x_wconf 88' lang='lat' dir='ltr'>hunc</span> <span class='ocrx_word' id='word_1_187' title='bbox 1163 1858 1301 1898; x_wconf 89' lang='lat' dir='ltr'>locum</span> <span class='ocrx_word' id='word_1_188' title='bbox 1326 1872 1346 1897; x_wconf 93' lang='lat' dir='ltr'>e</span> <span class='ocrx_word' id='word_1_189' title='bbox 1372 1856 1534 1898; x_wconf 81' lang='lat' dir='ltr'>Seneca</span> <span class='ocrx_word' id='word_1_190' title='bbox 1557 1862 1739 1896; x_wconf 84' lang='lat' dir='ltr'>tractum</span> 
     </span>
     <span class='ocr_line' id='line_1_21' title="bbox 187 1928 1743 1984; baseline -0.003 -14"><span class='ocrx_word' id='word_1_191' title='bbox 187 1931 428 1984; x_wconf 86' lang='lat' dir='ltr'>(„punctum</span> <span class='ocrx_word' id='word_1_192' title='bbox 485 1937 564 1981; x_wconf 87' lang='lat' dir='ltr'>est,</span> <span class='ocrx_word' id='word_1_193' title='bbox 618 1929 731 1982; x_wconf 83' lang='lat' dir='ltr'>quod</span> <span class='ocrx_word' id='word_1_194' title='bbox 785 1931 979 1980; x_wconf 82' lang='lat' dir='ltr'>vivimus,</span> <span class='ocrx_word' id='word_1_195' title='bbox 1035 1935 1075 1969; x_wconf 85' lang='lat' dir='ltr'>et</span> <span class='ocrx_word' id='word_1_196' title='bbox 1125 1928 1177 1968; x_wconf 87' lang='lat' dir='ltr'>ad</span> <span class='ocrx_word' id='word_1_197' title='bbox 1230 1929 1311 1968; x_wconf 85' lang='lat' dir='ltr'>huc</span> <span class='ocrx_word' id='word_1_198' title='bbox 1360 1935 1515 1981; x_wconf 89' lang='lat' dir='ltr'>puncto</span> <span class='ocrx_word' id='word_1_199' title='bbox 1567 1928 1743 1976; x_wconf 71' lang='lat' dir='ltr'>minus“,</span> 
     </span>
     <span class='ocr_line' id='line_1_22' title="bbox 188 1996 1738 2055; baseline -0.003 -14"><span class='ocrx_word' id='word_1_200' title='bbox 188 2003 305 2054; x_wconf 90' lang='lat' dir='ltr'>epist.</span> <span class='ocrx_word' id='word_1_201' title='bbox 330 2004 396 2044; x_wconf 75' lang='lat'>49.</span> <span class='ocrx_word' id='word_1_202' title='bbox 421 2002 464 2055; x_wconf 84' lang='lat'>3)</span> <span class='ocrx_word' id='word_1_203' title='bbox 498 2008 538 2041; x_wconf 87' lang='lat' dir='ltr'>et</span> <span class='ocrx_word' id='word_1_204' title='bbox 573 2001 808 2053; x_wconf 88' lang='lat' dir='ltr'>complures</span> <span class='ocrx_word' id='word_1_205' title='bbox 842 2001 957 2040; x_wconf 89' lang='lat' dir='ltr'>locos</span> <span class='ocrx_word' id='word_1_206' title='bbox 992 1999 1131 2052; x_wconf 80' lang='lat' dir='ltr'>affert,</span> <span class='ocrx_word' id='word_1_207' title='bbox 1165 2014 1269 2052; x_wconf 84' lang='lat' dir='ltr'>quos</span> <span class='ocrx_word' id='word_1_208' title='bbox 1302 2000 1342 2039; x_wconf 89' lang='lat' dir='ltr'>in</span> <span class='ocrx_word' id='word_1_209' title='bbox 1379 1996 1738 2038; x_wconf 86' lang='lat' dir='ltr'>consolationibus</span> 
     </span>
     <span class='ocr_line' id='line_1_23' title="bbox 189 2071 1740 2124; baseline -0.003 -12"><span class='ocrx_word' id='word_1_210' title='bbox 189 2073 368 2124; x_wconf 89' lang='lat' dir='ltr'>scriptos</span> <span class='ocrx_word' id='word_1_211' title='bbox 431 2071 646 2112; x_wconf 85' lang='lat' dir='ltr'>habemus.</span> <span class='ocrx_word' id='word_1_212' title='bbox 722 2071 826 2111; x_wconf 88' lang='lat' dir='ltr'>Illae</span> <span class='ocrx_word' id='word_1_213' title='bbox 891 2072 1123 2111; x_wconf 89' lang='lat' dir='ltr'>sententiae</span> <span class='ocrx_word' id='word_1_214' title='bbox 1186 2076 1270 2110; x_wconf 86' lang='lat' dir='ltr'>tam</span> <span class='ocrx_word' id='word_1_215' title='bbox 1335 2071 1457 2109; x_wconf 85' lang='lat' dir='ltr'>tritae</span> <span class='ocrx_word' id='word_1_216' title='bbox 1520 2074 1632 2120; x_wconf 88' lang='lat' dir='ltr'>sunt,</span> <span class='ocrx_word' id='word_1_217' title='bbox 1696 2074 1740 2107; x_wconf 83' lang='lat' dir='ltr'>ut</span> 
     </span>
     <span class='ocr_line' id='line_1_24' title="bbox 190 2138 1740 2194; baseline -0.003 -12"><span class='ocrx_word' id='word_1_218' title='bbox 190 2142 425 2183; x_wconf 80' lang='lat' dir='ltr'>Leonidam</span> <span class='ocrx_word' id='word_1_219' title='bbox 459 2157 529 2182; x_wconf 90' lang='lat' dir='ltr'>eas</span> <span class='ocrx_word' id='word_1_220' title='bbox 555 2157 574 2182; x_wconf 92' lang='lat' dir='ltr'>e</span> <span class='ocrx_word' id='word_1_221' title='bbox 599 2141 714 2182; x_wconf 90' lang='lat' dir='ltr'>libris</span> <span class='ocrx_word' id='word_1_222' title='bbox 748 2143 811 2181; x_wconf 81' lang='lat' dir='ltr'>vel</span> <span class='ocrx_word' id='word_1_223' title='bbox 846 2157 896 2181; x_wconf 79' lang='lat' dir='ltr'>ex</span> <span class='ocrx_word' id='word_1_224' title='bbox 930 2141 1189 2181; x_wconf 88' lang='lat' dir='ltr'>orationibus</span> <span class='ocrx_word' id='word_1_225' title='bbox 1215 2140 1468 2194; x_wconf 78' lang='lat' dir='ltr'>Cynicorum</span> <span class='ocrx_word' id='word_1_226' title='bbox 1498 2138 1576 2179; x_wconf 90' lang='lat' dir='ltr'>sibi</span> <span class='ocrx_word' id='word_1_227' title='bbox 1601 2153 1740 2191; x_wconf 91' lang='lat' dir='ltr'>sump-</span> 
     </span>
     <span class='ocr_line' id='line_1_25' title="bbox 189 2212 789 2266; baseline -0.003 -12"><span class='ocrx_word' id='word_1_228' title='bbox 189 2215 291 2254; x_wconf 90' lang='lat' dir='ltr'>sissc</span> <span class='ocrx_word' id='word_1_229' title='bbox 324 2212 495 2266; x_wconf 88' lang='lat' dir='ltr'>probari</span> <span class='ocrx_word' id='word_1_230' title='bbox 530 2226 610 2253; x_wconf 88' lang='lat' dir='ltr'>non</span> <span class='ocrx_word' id='word_1_231' title='bbox 646 2214 789 2265; x_wconf 82' lang='lat' dir='ltr'>possit.</span> 
     </span>
    </p>
   </div>
   <div class='ocr_carea' id='block_1_4' title="bbox 190 2292 1746 2985">
    <p class='ocr_par' dir='ltr' id='par_1_4' title="bbox 190 2292 1746 2985">
     <span class='ocr_line' id='line_1_26' title="bbox 309 2292 1743 2348; baseline -0.003 -12"><span class='ocrx_word' id='word_1_232' title='bbox 309 2295 542 2336; x_wconf 83' lang='lat' dir='ltr'>Leonidam</span> <span class='ocrx_word' id='word_1_233' title='bbox 577 2295 887 2348; x_wconf 85' lang='lat' dir='ltr'>philosophiam</span> <span class='ocrx_word' id='word_1_234' title='bbox 913 2294 1111 2347; x_wconf 75' lang='lat' dir='ltr'>Cynicam</span> <span class='ocrx_word' id='word_1_235' title='bbox 1139 2308 1219 2334; x_wconf 90' lang='lat' dir='ltr'>non</span> <span class='ocrx_word' id='word_1_236' title='bbox 1249 2300 1485 2334; x_wconf 90' lang='lat' dir='ltr'>assecutum</span> <span class='ocrx_word' id='word_1_237' title='bbox 1520 2292 1662 2339; x_wconf 84' lang='lat' dir='ltr'>fuisse,</span> <span class='ocrx_word' id='word_1_238' title='bbox 1696 2297 1743 2331; x_wconf 85' lang='lat' dir='ltr'>ut</span> 
     </span>
     <span class='ocr_line' id='line_1_27' title="bbox 192 2363 1741 2418; baseline -0.002 -13"><span class='ocrx_word' id='word_1_239' title='bbox 192 2366 241 2408; x_wconf 83' lang='lat' dir='ltr'>G.</span> <span class='ocrx_word' id='word_1_240' title='bbox 267 2374 419 2418; x_wconf 88' lang='lat' dir='ltr'>censet,</span> <span class='ocrx_word' id='word_1_241' title='bbox 454 2366 525 2406; x_wconf 90' lang='lat' dir='ltr'>sed</span> <span class='ocrx_word' id='word_1_242' title='bbox 561 2366 611 2406; x_wconf 88' lang='lat' dir='ltr'>de</span> <span class='ocrx_word' id='word_1_243' title='bbox 645 2366 716 2405; x_wconf 90' lang='lat' dir='ltr'>illa</span> <span class='ocrx_word' id='word_1_244' title='bbox 749 2365 973 2418; x_wconf 86' lang='lat' dir='ltr'>disciplina</span> <span class='ocrx_word' id='word_1_245' title='bbox 1005 2372 1077 2405; x_wconf 80' lang='lat' dir='ltr'>aut</span> <span class='ocrx_word' id='word_1_246' title='bbox 1110 2367 1197 2405; x_wconf 91' lang='lat' dir='ltr'>sine</span> <span class='ocrx_word' id='word_1_247' title='bbox 1231 2366 1293 2404; x_wconf 88' lang='lat' dir='ltr'>ira</span> <span class='ocrx_word' id='word_1_248' title='bbox 1326 2371 1367 2404; x_wconf 86' lang='lat' dir='ltr'>et</span> <span class='ocrx_word' id='word_1_249' title='bbox 1390 2363 1528 2404; x_wconf 88' lang='lat' dir='ltr'>studio</span> <span class='ocrx_word' id='word_1_250' title='bbox 1554 2363 1741 2416; x_wconf 85' lang='lat' dir='ltr'>disputa—</span> 
     </span>
     <span class='ocr_line' id='line_1_28' title="bbox 191 2435 1743 2490; baseline -0.003 -13"><span class='ocrx_word' id='word_1_251' title='bbox 191 2439 298 2478; x_wconf 83' lang='lat' dir='ltr'>visse</span> <span class='ocrx_word' id='word_1_252' title='bbox 332 2437 439 2490; x_wconf 80' lang='lat' dir='ltr'>(VH</span> <span class='ocrx_word' id='word_1_253' title='bbox 467 2440 561 2489; x_wconf 85' lang='lat'>731,</span> <span class='ocrx_word' id='word_1_254' title='bbox 586 2440 659 2487; x_wconf 75' lang='lat'>673</span> <span class='ocrx_word' id='word_1_255' title='bbox 701 2435 817 2478; x_wconf 81' lang='lat' dir='ltr'>Stob.</span> <span class='ocrx_word' id='word_1_256' title='bbox 843 2436 928 2477; x_wconf 84' lang='lat' dir='ltr'>flor.</span> <span class='ocrx_word' id='word_1_257' title='bbox 957 2439 1049 2488; x_wconf 76' lang='lat'>120,</span> <span class='ocrx_word' id='word_1_258' title='bbox 1074 2440 1097 2476; x_wconf 84' lang='lat'>9</span> <span class='ocrx_word' id='word_1_259' title='bbox 1122 2456 1176 2470; x_wconf 72' lang='lat' dir='ltr'><strong><em>z</em></strong></span> <span class='ocrx_word' id='word_1_260' title='bbox 1202 2438 1267 2488; x_wconf 84' lang='lat'>93,</span> <span class='ocrx_word' id='word_1_261' title='bbox 1292 2438 1358 2477; x_wconf 78' lang='lat'>94.</span> <span class='ocrx_word' id='word_1_262' title='bbox 1383 2436 1455 2488; x_wconf 79' lang='lat'>96)</span> <span class='ocrx_word' id='word_1_263' title='bbox 1493 2442 1565 2474; x_wconf 87' lang='lat' dir='ltr'>aut</span> <span class='ocrx_word' id='word_1_264' title='bbox 1599 2447 1743 2474; x_wconf 87' lang='lat' dir='ltr'>versus</span> 
     </span>
     <span class='ocr_line' id='line_1_29' title="bbox 190 2504 1744 2560; baseline -0.003 -12"><span class='ocrx_word' id='word_1_265' title='bbox 190 2510 271 2548; x_wconf 90' lang='lat' dir='ltr'>ioci</span> <span class='ocrx_word' id='word_1_266' title='bbox 295 2509 441 2560; x_wconf 91' lang='lat' dir='ltr'>plenos</span> <span class='ocrx_word' id='word_1_267' title='bbox 465 2507 615 2548; x_wconf 85' lang='lat' dir='ltr'>fecisse</span> <span class='ocrx_word' id='word_1_268' title='bbox 640 2508 724 2558; x_wconf 74' lang='lat'>(33,</span> <span class='ocrx_word' id='word_1_269' title='bbox 749 2511 802 2548; x_wconf 87' lang='grc'>88</span> <span class='ocrx_word' id='word_1_270' title='bbox 827 2528 881 2541; x_wconf 67' lang='lat' dir='ltr'><em>z</em></span> <span class='ocrx_word' id='word_1_271' title='bbox 900 2507 963 2547; x_wconf 65' lang='lat' dir='ltr'>Vl,</span> <span class='ocrx_word' id='word_1_272' title='bbox 988 2510 1082 2559; x_wconf 71' lang='lat'>293,</span> <span class='ocrx_word' id='word_1_273' title='bbox 1108 2510 1208 2556; x_wconf 74' lang='grc'>298)</span> <span class='ocrx_word' id='word_1_274' title='bbox 1233 2506 1333 2546; x_wconf 91' lang='lat' dir='ltr'>mihi</span> <span class='ocrx_word' id='word_1_275' title='bbox 1356 2507 1557 2558; x_wconf 76' lang='lat' dir='ltr'>persuasi.</span> <span class='ocrx_word' id='word_1_276' title='bbox 1592 2504 1744 2557; x_wconf 85' lang='lat' dir='ltr'>Neque</span> 
     </span>
     <span class='ocr_line' id='line_1_30' title="bbox 192 2577 1745 2632; baseline -0.003 -13"><span class='ocrx_word' id='word_1_277' title='bbox 192 2580 300 2619; x_wconf 85' lang='lat' dir='ltr'>enim</span> <span class='ocrx_word' id='word_1_278' title='bbox 326 2580 546 2632; x_wconf 85' lang='lat' dir='ltr'>quisquam</span> <span class='ocrx_word' id='word_1_279' title='bbox 574 2579 861 2631; x_wconf 86' lang='lat' dir='ltr'>philosophos,</span> <span class='ocrx_word' id='word_1_280' title='bbox 895 2592 999 2631; x_wconf 84' lang='lat' dir='ltr'>quos</span> <span class='ocrx_word' id='word_1_281' title='bbox 1034 2592 1130 2617; x_wconf 75' lang='lat' dir='ltr'>vera</span> <span class='ocrx_word' id='word_1_282' title='bbox 1165 2577 1305 2617; x_wconf 86' lang='lat' dir='ltr'>dicere</span> <span class='ocrx_word' id='word_1_283' title='bbox 1339 2590 1583 2629; x_wconf 84' lang='lat' dir='ltr'>persuasum</span> <span class='ocrx_word' id='word_1_284' title='bbox 1619 2581 1745 2626; x_wconf 86' lang='lat' dir='ltr'>tenet,</span> 
     </span>
     <span class='ocr_line' id='line_1_31' title="bbox 193 2647 1741 2702; baseline -0.003 -13"><span class='ocrx_word' id='word_1_285' title='bbox 193 2650 388 2702; x_wconf 78' lang='lat' dir='ltr'>exagitat.</span> <span class='ocrx_word' id='word_1_286' title='bbox 453 2648 737 2702; x_wconf 75' lang='lat' dir='ltr'>Quamobrem</span> <span class='ocrx_word' id='word_1_287' title='bbox 773 2649 1004 2689; x_wconf 86' lang='lat' dir='ltr'>cavendum</span> <span class='ocrx_word' id='word_1_288' title='bbox 1041 2656 1113 2700; x_wconf 87' lang='lat' dir='ltr'>est,</span> <span class='ocrx_word' id='word_1_289' title='bbox 1149 2663 1197 2688; x_wconf 93' lang='lat' dir='ltr'>ne</span> <span class='ocrx_word' id='word_1_290' title='bbox 1226 2647 1460 2688; x_wconf 80' lang='lat' dir='ltr'>Leonidam</span> <span class='ocrx_word' id='word_1_291' title='bbox 1496 2660 1648 2686; x_wconf 85' lang='lat' dir='ltr'>novum</span> <span class='ocrx_word' id='word_1_292' title='bbox 1681 2647 1741 2685; x_wconf 91' lang='lat' dir='ltr'>in-</span> 
     </span>
     <span class='ocr_line' id='line_1_32' title="bbox 193 2717 1743 2773; baseline -0.004 -13"><span class='ocrx_word' id='word_1_293' title='bbox 193 2722 358 2773; x_wconf 80' lang='lat' dir='ltr'>genium</span> <span class='ocrx_word' id='word_1_294' title='bbox 398 2722 437 2760; x_wconf 90' lang='lat' dir='ltr'>in</span> <span class='ocrx_word' id='word_1_295' title='bbox 481 2728 695 2760; x_wconf 87' lang='lat' dir='ltr'>senectute</span> <span class='ocrx_word' id='word_1_296' title='bbox 735 2720 813 2760; x_wconf 87' lang='lat' dir='ltr'>sibi</span> <span class='ocrx_word' id='word_1_297' title='bbox 854 2720 1038 2759; x_wconf 90' lang='lat' dir='ltr'>induisse</span> <span class='ocrx_word' id='word_1_298' title='bbox 1078 2721 1166 2759; x_wconf 87' lang='lat' dir='ltr'>viro</span> <span class='ocrx_word' id='word_1_299' title='bbox 1207 2718 1332 2759; x_wconf 86' lang='lat' dir='ltr'>docto</span> <span class='ocrx_word' id='word_1_300' title='bbox 1368 2717 1419 2759; x_wconf 72' lang='lat' dir='ltr'>Gr.</span> <span class='ocrx_word' id='word_1_301' title='bbox 1454 2718 1743 2767; x_wconf 82' lang='lat' dir='ltr'>assentiamur,</span> 
     </span>
     <span class='ocr_line' id='line_1_33' title="bbox 195 2789 1744 2843; baseline -0.002 -15"><span class='ocrx_word' id='word_1_302' title='bbox 195 2793 263 2843; x_wconf 86' lang='lat' dir='ltr'>qni</span> <span class='ocrx_word' id='word_1_303' title='bbox 310 2793 611 2843; x_wconf 82' lang='lat' dir='ltr'>epigrammata</span> <span class='ocrx_word' id='word_1_304' title='bbox 648 2790 713 2830; x_wconf 69' lang='lat' dir='ltr'>Vl</span> <span class='ocrx_word' id='word_1_305' title='bbox 744 2794 844 2842; x_wconf 68' lang='lat'>293,</span> <span class='ocrx_word' id='word_1_306' title='bbox 876 2793 958 2832; x_wconf 76' lang='lat'>298</span> <span class='ocrx_word' id='word_1_307' title='bbox 1010 2798 1106 2830; x_wconf 85' lang='lat' dir='ltr'>ante</span> <span class='ocrx_word' id='word_1_308' title='bbox 1138 2790 1202 2830; x_wconf 72' lang='lat' dir='ltr'>VI</span> <span class='ocrx_word' id='word_1_309' title='bbox 1233 2793 1314 2830; x_wconf 77' lang='lat'>302</span> <span class='ocrx_word' id='word_1_310' title='bbox 1367 2789 1602 2841; x_wconf 86' lang='lat' dir='ltr'>composita</span> <span class='ocrx_word' id='word_1_311' title='bbox 1654 2800 1744 2827; x_wconf 84' lang='lat' dir='ltr'>esse</span> 
     </span>
     <span class='ocr_line' id='line_1_34' title="bbox 195 2856 1744 2914; baseline -0.003 -14"><span class='ocrx_word' id='word_1_312' title='bbox 195 2860 431 2903; x_wconf 84' lang='lat' dir='ltr'>arbitratur.</span> <span class='ocrx_word' id='word_1_313' title='bbox 466 2860 735 2914; x_wconf 73' lang='lat' dir='ltr'>Quamquam</span> <span class='ocrx_word' id='word_1_314' title='bbox 753 2868 879 2914; x_wconf 87' lang='lat' dir='ltr'>pocta</span> <span class='ocrx_word' id='word_1_315' title='bbox 897 2863 935 2901; x_wconf 90' lang='lat' dir='ltr'>in</span> <span class='ocrx_word' id='word_1_316' title='bbox 958 2863 1257 2914; x_wconf 77' lang='lat' dir='ltr'>epigrammate</span> <span class='ocrx_word' id='word_1_317' title='bbox 1268 2860 1331 2899; x_wconf 75' lang='lat' dir='ltr'>Vl</span> <span class='ocrx_word' id='word_1_318' title='bbox 1350 2862 1431 2899; x_wconf 70' lang='lat'>302</span> <span class='ocrx_word' id='word_1_319' title='bbox 1452 2856 1744 2911; x_wconf 82' lang='lat' dir='ltr'>componendo</span> 
     </span>
     <span class='ocr_line' id='line_1_35' title="bbox 196 2931 1746 2985; baseline -0.003 -14"><span class='ocrx_word' id='word_1_320' title='bbox 196 2946 321 2971; x_wconf 85' lang='lat' dir='ltr'>senex</span> <span class='ocrx_word' id='word_1_321' title='bbox 356 2933 409 2973; x_wconf 84' lang='lat' dir='ltr'>(v.</span> <span class='ocrx_word' id='word_1_322' title='bbox 436 2936 475 2985; x_wconf 73' lang='lat'>3)</span> <span class='ocrx_word' id='word_1_323' title='bbox 511 2939 611 2983; x_wconf 77' lang='lat' dir='ltr'>erat,</span> <span class='ocrx_word' id='word_1_324' title='bbox 645 2939 783 2972; x_wconf 85' lang='lat' dir='ltr'>tamen</span> <span class='ocrx_word' id='word_1_325' title='bbox 821 2932 958 2985; x_wconf 66' lang='lat' dir='ltr'>‹3le</span> <span class='ocrx_word' id='word_1_326' title='bbox 988 2935 1070 2972; x_wconf 76' lang='lat'>293</span> <span class='ocrx_word' id='word_1_327' title='bbox 1107 2937 1201 2983; x_wconf 88' lang='lat' dir='ltr'>post</span> <span class='ocrx_word' id='word_1_328' title='bbox 1226 2934 1307 2970; x_wconf 73' lang='lat'>302</span> <span class='ocrx_word' id='word_1_329' title='bbox 1342 2931 1621 2982; x_wconf 72' lang='lat' dir='ltr'>eonipositum</span> <span class='ocrx_word' id='word_1_330' title='bbox 1655 2942 1746 2968; x_wconf 81' lang='lat' dir='ltr'>esse</span> 
     </span>
    </p>
   </div>
  </div>
 </body>
</html>
