2028 3533
792 834 985 901 Caput
1024 833 1296 899 primum.

335 959 394 999 De
431 955 654 997 Leonidae
689 951 931 994 Tarentini
967 950 1134 1000 aetate,
1171 948 1277 999 vita,
1311 947 1558 1000 exemplis,
1591 948 1775 989 ratione

877 1020 1217 1074 philosophica.

525 1120 546 1171 ξ
586 1122 618 1159 1.
684 1118 752 1157 De
790 1114 1045 1156 Leonidae
1080 1119 1246 1153 aetate
1281 1121 1429 1164 atque
1464 1113 1577 1152 vita.

399 1203 458 1242 l‘)e
504 1207 640 1241 aetate
680 1199 895 1239 Leonidae
936 1197 1154 1237 Tarentini
1202 1209 1405 1248 nusquam
1447 1195 1671 1247 quicquam
1714 1207 1826 1233 com-

277 1275 457 1327 perimus
492 1273 566 1312 nisi
602 1286 621 1311 e
656 1268 1106 1320 carminibus'poetae.
1160 1266 1269 1306 Nam
1298 1266 1500 1306 nonnulla
1524 1266 1827 1318 epigrammata

280 1344 330 1383 ad
356 1358 417 1383 res
442 1348 642 1395 spectant,
666 1355 773 1394 quae
797 1339 965 1393 quando
990 1338 1128 1378 factae
1153 1339 1235 1378 sint
1264 1338 1429 1377 scimus.
1481 1336 1531 1376 [n
1551 1335 1616 1375 VI
1636 1338 1720 1376 334
1738 1336 1827 1385 (53)

281 1413 578 1466 Neoptolemus
625 1411 825 1453 Aiacides
879 1418 1088 1460 naturam,
1134 1408 1407 1459 Mercurium,
1454 1406 1614 1447 Panem
1658 1408 1827 1446 invocat

278 1492 403 1537 atque
456 1491 562 1534 orat,
615 1490 658 1522 ut
704 1482 814 1521 (lona
858 1480 1036 1532 benigne
1084 1480 1303 1532 accipiant.
1380 1478 1496 1518 Ante
1543 1491 1698 1517 annum
1745 1478 1829 1518 <394

279 1557 470 1607 princeps
508 1554 791 1607 Epirotarum,
831 1553 895 1592 cui
931 1565 1079 1591 nomen
1115 1550 1423 1603 Neoptolemus
1458 1555 1564 1600 erat,
1610 1563 1634 1588 a
1668 1548 1829 1602 Pyrrho

281 1633 450 1665 necatus
491 1633 568 1676 est,
608 1624 676 1677 (cf.
710 1624 817 1663 Plut.
851 1622 996 1676 Pyrrh.
1025 1621 1062 1661 V
1097 1622 1342 1674 πυθόμενος
1377 1621 1399 1659 ὁ
1431 1620 1607 1672 Πύρρος
1641 1620 1725 1660 ἐκεῖ
1754 1620 1830 1671 μὲν

282 1698 452 1749 ἡσυχίαν
486 1696 591 1749 ἦγεν,
624 1697 665 1735 ἐν
699 1696 741 1735 δὲ
774 1696 900 1746 θυσίᾳ
933 1694 1108 1738 καλέσας
1141 1693 1204 1733 ἐπὶ
1238 1693 1404 1732 δεῖπνον
1436 1691 1506 1732 τὸν
1535 1691 1832 1743 Λτεοπτόλεμον

281 1769 521 1807 ἀπέκτεινεν.
547 1792 597 1795 -
623 1766 674 1805 de
698 1779 807 1805 anno
832 1764 1073 1815 cf.Beloch,
1099 1762 1268 1805 Griech.
1284 1760 1437 1803 Gesch.
1455 1761 1527 1802 ΙΙΙ
1550 1765 1572 1801 2
1598 1776 1635 1814 p.
1655 1764 1734 1802 103
1747 1769 1831 1814 sq.).

281 1837 375 1877 Non
401 1843 472 1887 est,
497 1836 609 1889 quod
632 1838 887 1889 epigramma
911 1835 964 1875 ad
987 1836 1103 1874 illum
1129 1835 1360 1887 principem
1385 1834 1596 1886 pertinere
1622 1846 1832 1885 negemus.

281 1907 541 1960 Compositio
577 1908 770 1947 carminis
805 1912 868 1946 est
900 1906 1095 1958 simplex:
1131 1906 1441 1945 invocationem
1475 1904 1528 1951 (v.
1556 1904 1685 1956 1—4)
1716 1901 1833 1943 dedi-

281 1979 390 2018 catio
408 1984 461 2030 (v,
478 1980 603 2028 5—6>
620 1979 817 2031 sequitur,
840 1978 879 2016 in
901 1991 982 2029 qua
1001 1991 1066 2016 res
1086 1975 1306 2015 dedicatae
1332 1976 1610 2028 appellantur.
1650 1973 1833 2014 Causam

282 2048 558 2088 dedicationis
593 2047 895 2101 Neoptolemus
931 2061 1011 2087 non
1047 2046 1179 2098 affert,
1219 2046 1291 2086 sed
1333 2060 1461 2099 quare
1503 2045 1746 2085 dedicatum
1781 2045 1835 2084 sit

284 2120 406 2158 etiam
441 2120 480 2159 in
511 2118 852 2171 inscriptionibus
877 2132 957 2158 non
984 2131 1150 2170 semper
1172 2116 1384 2156 indicatur
1407 2117 1479 2168 (cf.
1506 2115 1673 2167 Kaibel,
1707 2116 1834 2168 epigr.

285 2187 461 2230 Graeca.
478 2189 587 2229 Berl.
607 2192 728 2240 1878,
746 2203 802 2231 nr.
822 2191 915 2240 738,
932 2192 1042 2240 743).
1078 2186 1189 2241 Quia
1208 2189 1467 2240 epigramma
1486 2201 1511 2227 a
1528 2187 1666 2227 forma
1680 2187 1836 2226 usitata

284 2260 598 2312 inscriptionum
616 2259 971 2299 dedicatoriarum
987 2260 1170 2299 alienum
1189 2272 1269 2298 non
1291 2266 1365 2309 est,
1385 2272 1467 2298 non
1487 2257 1704 2308 habemus,
1723 2255 1835 2310 quod

285 2328 533 2370 Geffckenio
580 2331 866 2381 assentiamur,
912 2331 982 2383 qui
1028 2331 1285 2382 epigramma
1326 2328 1703 2369 demonstrativum
1746 2341 1836 2368 esse

284 2399 530 2450 arbitratum
565 2400 606 2439 id
640 2415 663 2440 a
696 2408 821 2453 poeta
852 2402 1031 2454 principi
1064 2400 1264 2440 traditum
1291 2414 1380 2440 esse
1404 2406 1526 2452 put03
1562 2405 1659 2439 ante
1683 2412 1836 2439 annum

289 2473 371 2511 294
403 2472 528 2523 igitur
561 2472 839 2523 compositum
873 2479 945 2511 est.
974 2496 1026 2499 —-
1061 2471 1112 2511 In
1137 2470 1203 2511 Vi
1231 2474 1322 2521 129,
1350 2473 1428 2511 131
1457 2470 1512 2522 (l,
1538 2473 1575 2520 2)
1621 2470 1837 2510 Minervae

287 2554 402 2580 arma
454 2540 711 2585 dedicantur,
764 2556 870 2594 quae
916 2541 1099 2582 Lucanis
1152 2541 1328 2594 abrepta
1372 2549 1478 2581 sunt.
1556 2540 1667 2594 Quia
1712 2540 1837 2580 homo

289 2609 538 2651 Tarentinus
578 2626 719 2652 versus
760 2612 870 2663 fecit,
918 2626 1033 2652 arma
1074 2613 1114 2652 in
1161 2613 1342 2664 proeliis,
1388 2626 1495 2664 quae
1535 2611 1698 2651 Lucani
1744 2624 1834 2651 cum

288 2680 525 2721 Tarentinis
572 2684 880 2732 commiserunt,
926 2689 1165 2735 expugnata
1210 2697 1300 2723 esse
1339 2681 1725 2735 probabilissimum
1764 2688 1838 2721 est.

290 2751 356 2790 Illi
380 2751 628 2792 Tarentinos
657 2767 781 2805 saepe
804 2753 913 2793 bello
939 2754 1147 2806 persecuti
1172 2759 1278 2793 sunt.
1323 2753 1451 2793 Anno
1477 2755 1560 2794 303
1584 2752 1838 2806 Cleonymus

288 2836 315 2860 a
337 2821 572 2862 Tarentinis
607 2824 760 2863 auxilio
795 2825 1018 2864 arcessitus
1053 2830 1126 2875 est,
1160 2824 1230 2876 qui
1254 2832 1393 2864 tantas
1417 2825 1561 2876 copias
1586 2823 1766 2875 collegit,
1795 2829 1840 2862 ut

292 2890 451 2931 Lucani
475 2895 614 2932 statim
639 2907 730 2933 cum
755 2893 993 2933 Tarentinis
1023 2908 1169 2946 pacem
1198 2894 1387 2934 facerent
1431 2893 1615 2939 (Diodor
1637 2893 1731 2933 XX
1758 2896 1839 2934 104
