2028 3533
903 367 1193 405 -38-

270 500 433 539 magna,
468 487 566 538 quia
600 486 677 537 γάρ
702 482 919 536 succedit.)
974 481 1024 521 In
1050 479 1296 533 Poseidippi
1320 479 1359 518 V
1387 482 1480 530 182,
1505 482 1528 519 5
1563 480 1823 520 enuntiatum

270 571 319 598 eo
353 556 575 608 ἀσφαλέως
606 553 745 607 lepide
778 553 1037 593 terminatur.

387 626 436 666 ln
472 623 689 665 Leonidae
714 623 807 663 VH
838 626 933 674 740,
964 625 987 663 5
1019 622 1121 675 (17),
1166 620 1316 662 Niciae
1346 620 1461 662 XVI
1487 623 1580 671 188,
1611 622 1647 672 3,
1680 619 1826 660 Posei-

272 697 386 750 dippi
417 695 490 736 III
515 698 580 747 78,
612 698 647 745 3,
694 693 910 734 Theocriti
934 692 1000 732 VI
1025 694 1120 744 338,
1145 695 1168 732 3
1199 692 1289 746 (10)
1324 692 1597 743 enuntiatum,
1638 689 1752 744 quod
1784 691 1825 730 in

272 767 451 808 disticho
485 764 756 819 praecedenti
790 763 1017 815 inchoavit,
1059 763 1215 803 nullum
1250 763 1386 803 locum
1422 762 1655 802 hexametri
1689 760 1830 814 explet

272 839 348 879 nisi
382 838 559 891 primum
595 834 758 888 pedem.
821 833 952 887 Apud
986 833 1152 875 Niciam
1188 840 1313 886 atque
1338 832 1640 886 Poseidippum
1674 845 1826 872 nomen

271 909 486 962 proprium
524 907 738 958 eleganter
772 905 1025 946 collocatum
1060 910 1141 954 est3
1180 904 1291 957 apud
1326 903 1599 944 Theocritum
1631 904 1672 943 in
1707 903 1829 942 initio

271 992 415 1019 versus
454 978 642 1029 legimus,
691 990 816 1029 quam
856 977 984 1016 vitam
1025 977 1058 1016 is
1093 977 1164 1028 qui
1198 974 1368 1015 dedicat
1402 973 1581 1027 degerit3
1615 972 1832 1014 Leonidas

272 1049 629 1090 enumerationem
664 1046 802 1100 lepide
835 1046 995 1087 incidit.

390 1119 439 1160 In
475 1119 789 1171 epigrammatis
824 1131 905 1158 non
941 1118 1074 1157 multa
1107 1118 1299 1170 exempla
1332 1117 1579 1167 invenimus,
1612 1115 1653 1154 in
1678 1113 1831 1167 quibus

273 1191 553 1240 enuntiatum,
606 1188 718 1241 quod
764 1189 805 1229 in
852 1187 1034 1228 disticho
1079 1187 1352 1241 praecedenti
1397 1188 1562 1227 initium
1609 1187 1738 1238 capit,
1788 1186 1829 1224 in

274 1262 418 1315 primis
452 1259 630 1314 pedihus
664 1259 899 1300 hexametri
923 1260 1183 1299 terminatur.
1238 1258 1411 1300 Certum
1435 1258 1656 1298 consilium
1679 1262 1832 1309 poetae

276 1346 356 1373 non
398 1333 438 1371 in
480 1329 673 1371 omnibus
708 1330 909 1383 exemplis
946 1331 1143 1383 cognosci
1177 1338 1337 1383 potest3
1373 1328 1446 1370 sed
1480 1342 1562 1382 quo
1596 1327 1831 1368 breviorem

273 1408 436 1456 partem
463 1401 698 1442 hexametri
722 1402 997 1452 enuntiatum,
1032 1400 1146 1454 quod
1169 1402 1331 1451 transit.
1367 1407 1558 1453 occupat,
1592 1413 1640 1440 eo
1665 1399 1833 1451 saepius

276 1473 493 1515 consilium
527 1479 680 1526 poetae
713 1471 1051 1524 investigandum
1088 1479 1162 1514 est.
1222 1471 1506 1513 Confirmatur
1539 1484 1706 1523 quoque
1741 1483 1833 1510 sen-

275 1546 406 1585 tentia
439 1544 766 1595 Wilamowitzii,
807 1544 877 1596 qui
918 1544 1114 1596 exposuit
1152 1551 1298 1596 poetas
1339 1543 1531 1587 evitasse,
1571 1555 1621 1582 ne
1656 1540 1833 1581 alterum

276 1615 487 1656 distichon
521 1616 561 1654 in
597 1615 773 1655 alterum
809 1615 1018 1654 transiret.
1073 1614 1138 1654 Ea
1171 1627 1337 1667 quoque
1363 1613 1553 1665 exempla
1579 1611 1727 1652 crebra
1751 1624 1832 1651 non

276 1692 387 1738 sunt,
433 1685 504 1726 ubi
550 1699 646 1739 pars
693 1686 834 1738 aliqua
880 1686 1106 1737 enuntiati,
1153 1684 1265 1738 quod
1311 1685 1351 1724 in
1399 1683 1608 1724 distichon
1655 1695 1835 1735 sequens

277 1758 429 1798 transit
461 1763 588 1810 atque
622 1757 759 1797 locum
795 1769 927 1808 usque
960 1755 1014 1796 ad
1042 1754 1167 1796 finem
1191 1756 1443 1808 pentametri
1467 1754 1617 1807 explet,
1650 1755 1691 1793 in
1715 1753 1836 1793 initio

276 1828 509 1869 hexametri
564 1829 814 1868 terminatur
865 1827 934 1881 (cf.
977 1826 1150 1880 Asclep.
1190 1825 1261 1866 IX
1305 1828 1370 1878 64,
1414 1829 1457 1876 3,
1510 1824 1609 1865 ΧΠ
1652 1826 1747 1876 163,
1790 1827 1835 1874 3,

277 1899 408 1940 Leon.
432 1899 526 1939 VH
552 1902 616 1950 19,
641 1901 677 1951 3,
713 1901 808 1949 662,
834 1902 877 1949 3,
902 1898 973 1938 IX
998 1901 1094 1950 316,
1120 1900 1192 1948 13,
1217 1897 1419 1938 Mnasalc.
1443 1896 1535 1937 VH
1558 1898 1624 1947 54,
1650 1898 1672 1936 3
1709 1895 1836 1949 (nom.

277 1972 426 2024 prop),
460 1969 614 2024 Hedyl.
643 1969 696 2010 A.
722 1969 767 2011 C.
791 1969 866 2010 ΠΙ
894 1973 957 2021 17,
983 1973 1027 2019 3,
1062 1968 1230 2010 Poseid.
1253 1968 1352 2008 XII
1374 1971 1441 2019 45,
1467 1969 1522 2021 3).

395 2041 614 2081 Putaverit
660 2042 751 2093 quis
777 2040 990 2092 disticha,
1023 2041 1064 2080 in
1111 2039 1262 2093 quibus
1313 2040 1594 2089 enuntiatum,
1635 2037 1746 2091 quod
1795 2038 1836 2078 in

279 2113 523 2152 hexametro
548 2111 732 2163 inchoat,
750 2113 791 2151 in
815 2112 935 2152 initio
960 2112 1211 2164 pentametri
1235 2114 1496 2162 terminatur,
1515 2109 1647 2149 multo
1670 2109 1838 2161 saepius

279 2185 318 2223 in
361 2184 673 2236 epigrammatis
712 2182 986 2222 hellenistiois
1026 2182 1140 2241 legi.v
1185 2180 1291 2222 Nam
1333 2181 1538 2221 enuntiati
1578 2194 1686 2233 pars,
1729 2193 1838 2232 quae

279 2255 416 2295 locum
465 2268 595 2306 usque
642 2253 693 2293 ad
748 2267 965 2294 caesuram
1014 2254 1293 2306 τριθημιμερῆ
1337 2253 1403 2292 vel
1453 2252 1632 2304 primum
1686 2250 1838 2304 pedem

280 2326 531 2378 pentametri
585 2332 781 2377 occupat,
843 2323 996 2364 ictibus
1060 2324 1181 2364 valde
1246 2322 1417 2364 effertur
1473 2330 1599 2375 atque
1663 2335 1837 2362 caesura

283 2410 305 2436 a
344 2395 479 2436 verbis
521 2394 791 2448 sequentibus
832 2402 1063 2448 separatur.
1133 2394 1282 2447 Neque
1322 2408 1419 2434 vero
1460 2394 1652 2446 exempla
1692 2391 1839 2433 crebra

283 2474 395 2515 sunt3
449 2468 639 2519 suspicor
683 2473 831 2519 poetas
881 2467 1143 2506 enuntiatum
1197 2465 1376 2506 libenter
1421 2479 1553 2517 usque
1608 2456 1838 2504 adfinem

284 2539 533 2590 pentametri
579 2537 844 2590 produxisse,
898 2551 948 2577 ne
1000 2538 1138 2577 unitas
1191 2544 1317 2588 atque
1370 2536 1617 2588 simplicitas
1670 2534 1839 2574 distichi

283 2607 609 2661 perturbaretur.
636 2608 822 2648 Primum
844 2623 893 2648 ea
913 2607 1093 2648 disticha
1114 2609 1461 2660 epigrammatum
1481 2606 1839 2646 hellenisticorum

284 2678 550 2730 enumerabo,
569 2680 608 2718 in
633 2678 784 2731 quibus
809 2680 1070 2719 enuntiatum
1097 2692 1226 2731 usque
1249 2677 1303 2718 ad
1327 2691 1543 2718 caesuram
1562 2678 1842 2730 τριθημιμερῆ

286 2751 535 2803 pentametri
583 2763 724 2790 versus
770 2750 907 2790 locum
955 2750 1104 2803 explet.
1186 2749 1372 2790 Primum
1421 2748 1675 2801 exemplum,
1727 2746 1841 2800 quod

287 2822 465 2860 nominis
493 2822 650 2873 proprii
679 2834 806 2860 causa
833 2822 973 2873 magni
1001 2822 1202 2860 momenti
1232 2834 1312 2860 non
1342 2828 1415 2861 est.
1448 2820 1489 2859 in
1516 2818 1554 2858 V
1576 2821 1639 2869 79,
1657 2822 1693 2870 2,
1727 2817 1842 2871 quod

288 2892 544 2942 epigramma
567 2890 735 2931 Platoni
758 2891 1012 2944 philosopho
1039 2890 1167 2931 tribui
1195 2891 1312 2941 solet,
1340 2890 1525 2942 legimus.
1579 2889 1629 2929 In
1652 2887 1842 2929 versibus

287 2960 467 3013 Anytae.
479 2960 640 3011 Niciae,
655 2960 860 3004 Nossidis.
875 2960 1075 3002 Simmiae
1095 2962 1285 3014 exempla
1302 2960 1465 3011 desunt,
1481 2959 1591 3013 apud
1605 2959 1842 3000 Leonidam
