2028 3533
251 438 373 463 voccs
408 424 484 463 sibi
520 423 793 463 succedentes
827 422 974 462 eadem
1008 423 1143 475 prima
1178 423 1297 462 litera
1328 437 1499 476 perraro
1534 431 1799 465 ornaverunt.

249 494 354 533 Cum
383 493 489 533 duae
517 508 640 533 voces
669 492 720 532 ab
749 492 896 533 cadem
923 493 1045 532 litera
1072 493 1284 544 inchoant,
1320 507 1399 533 non
1426 494 1549 534 facilc
1577 494 1799 535 diiudicari

247 570 396 616 potest,
426 572 559 603 utrum
590 564 812 603 collocatio
841 576 934 603 cum
964 564 1125 603 ratione
1153 565 1291 616 posita
1315 565 1369 604 sit
1391 578 1442 604 an
1472 563 1580 605 forte
1604 566 1799 606 evenerit.

253 635 297 674 ln
322 635 411 674 lusu
437 633 656 674 verborum
685 641 811 686 atque
838 635 878 673 in
908 634 1137 686 polyptotis
1169 633 1278 674 idem
1305 649 1451 675 vocum
1476 636 1640 676 initium
1667 635 1800 688 figura

246 704 307 745 fit:
341 706 543 744 rationem
580 711 719 744 autem
753 703 1045 744 alliterationis
1079 704 1299 757 ponendae
1334 706 1372 745 in
1406 705 1622 746 vocabulis
1656 714 1800 747 extare

246 781 359 827 puto,
387 789 494 827 quae
522 774 723 827 syllabam
749 775 925 814 similem
951 788 1097 815 sonum
1123 775 1347 816 habentem
1376 775 1582 829 praebent
1603 778 1730 818 veluti
1758 778 1798 817 in

249 845 462 886 Leonidae
497 846 808 898 epigrammatis
842 845 920 886 hae
955 859 1097 886 voces:
1133 846 1198 886 Vl
1233 850 1327 898 205,
1359 849 1382 887 6
1413 847 1505 901 (83)
1545 847 1567 887 ὂ
1599 850 1801 901 πρυτανῖς

244 916 422 959 mama-
456 918 596 959 (voccs
631 917 927 968 anapaesticae
963 917 1154 957 similiter
1187 916 1374 971 cadunt),
1410 917 1503 958 VII
1535 921 1628 970 731,
1655 922 1682 959 4
1709 919 1800 972 (93)

247 987 270 1040 ἤ
296 986 475 1039 many&
501 986 626 1031 ποιᾶς
653 987 806 1033 (exitus
835 993 898 1027 est
924 986 1067 1041 idem),
1100 988 1139 1027 in
1174 988 1263 1028 VII,
1292 991 1382 1040 163,
1408 991 1434 1028 4
1464 989 1553 1043 (11)
1587 991 1799 1036 ἐξέδοσαν.

244 1082 299 1086 —
332 1060 525 1111 θνήσκῃς
558 1057 647 1098 δ’ἐκ
680 1059 806 1108 τίνος,
836 1083 889 1086 -—
917 1060 966 1099 ἐκ
994 1064 1168 1099 τοκετοῦ
1199 1059 1428 1099 Similitudo
1458 1061 1799 1113 interrogationis

245 1129 517 1180 responsique
557 1135 742 1180 augetur.
818 1128 986 1169 Deinde
1031 1130 1257 1169 alliteratio
1303 1132 1343 1170 in
1384 1132 1433 1170 iis
1472 1130 1662 1172 versibus
1706 1145 1800 1171 cum

244 1200 406 1239 ratione
446 1200 584 1251 posita
624 1205 697 1251 est,
733 1198 801 1239 ubi
840 1201 975 1253 pr-ima
1015 1200 1174 1254 syllaba
1209 1215 1357 1241 vocum
1399 1202 1678 1254 complurium
1717 1215 1798 1242 non

243 1269 369 1309 modo
393 1269 502 1309 idem
527 1271 702 1320 initium,
727 1270 801 1310 sed
825 1272 953 1311 etiam
975 1273 1103 1311 ictum
1128 1271 1256 1312 habet
1274 1273 1402 1312 veluti
1425 1274 1464 1312 in
1484 1272 1550 1312 VI
1567 1275 1800 1325 204,1(82)

241 1340 437 1381 Hastam»
463 1340 624 1393 πῆχῑ·ι’;
652 1340 718 1381 VI
740 1344 778 1392 4,
801 1345 817 1382 1
846 1343 934 1395 (84)
968 1342 1152 1394 ὃοῖῗρατα
1180 1342 1447 1396 δοῦλιχοέντα
1480 1350 1521 1383 et
1552 1345 1593 1383 in
1618 1343 1686 1383 VI
1705 1346 1800 1395 334,

246 1414 281 1461 1,
298 1414 320 1450 2
346 1414 436 1464 (53)
459 1411 591 1464 πὲτρη
615 1436 672 1440 —
693 1413 882 1458 πῖὁακες,
912 1412 1003 1453 VH
1026 1416 1120 1464 657,
1144 1416 1180 1465 5,
1197 1418 1220 1453 6
1245 1414 1335 1468 (59)
1357 1416 1523 1467 ποῖμην
1546 1440 1601 1443 -
1623 1414 1798 1468 πέτρηςς

243 1481 336 1521 VH
364 1485 459 1533 506,
484 1486 519 1533 9,
546 1485 596 1522 10
628 1483 719 1536 (87)
742 1482 871 1537 ἤμων
910 1508 967 1512 —
1005 1483 1151 1538 ἤρανί)
1183 1484 1332 1539 ἥμισυ,
1372 1483 1443 1524 ubi
1489 1492 1676 1525 extrema
1719 1499 1800 1525 vox

242 1552 534 1604 praecedentis
560 1567 702 1593 versus
726 1560 767 1593 et
792 1555 928 1606 prima
951 1556 1164 1607 sequentis
1189 1554 1241 1595 ab
1267 1555 1415 1595 eadem
1444 1555 1564 1595 litera
1586 1556 1799 1596 inchoant.

243 1623 457 1663 Leonidas
502 1625 629 1675 igitur
674 1625 999 1665 alliterationem
1046 1626 1293 1679 plerumque
1339 1626 1392 1666 ad
1439 1633 1571 1666 artem
1610 1627 1797 1667 vocalem

241 1694 477 1746 augendam
519 1694 729 1745 adhibuit3
773 1694 907 1748 figura
952 1698 1014 1736 sui
1059 1697 1189 1749 ipsius
1236 1698 1327 1737 soni
1370 1711 1498 1737 causa
1535 1711 1630 1738 raro
1672 1699 1802 1738 utitur

242 1765 395 1817 <0le
420 1769 514 1817 204,
541 1768 559 1806 1
597 1772 638 1805 et
671 1772 812 1806 cetera
846 1767 1067 1820 exempla).
1119 1767 1249 1820 Apud
1285 1767 1591 1809 Callimachum
1623 1768 1799 1821 figuram

242 1850 335 1876 cum
369 1838 532 1877 ratione
566 1839 746 1889 positam
781 1851 861 1877 non
898 1852 1024 1891 saepe
1058 1840 1311 1890 invenimus,
1344 1840 1384 1878 in
1417 1839 1514 1879 XII
1542 1841 1799 1894 139,1(44)

241 1909 325 1948 ἔστι
356 1924 390 1948 τι
423 1909 488 1948 ναὶ
511 1941 517 1949 .
543 1941 549 1948 .
574 1941 580 1949 .
605 1941 612 1948 .
636 1911 717 1949 ἔστι
749 1925 783 1949 τι
816 1910 942 1963 ταύτῃ
975 1910 1120 1950 similis
1155 1924 1281 1950 sonus
1315 1909 1570 1963 syllabarum
1603 1928 1635 1951 τι
1668 1911 1799 1951 literis

242 1977 480 2019 dentalibus
535 1979 825 2038 confirmatum
883 1981 925 2020 in
961 1980 1025 2020 VI
1061 1983 1160 2032 146,
1196 1984 1219 2020 2
1266 1982 1357 2034 (53)
1408 1981 1580 2034 εἶνλοχος
1630 1981 1800 2022 ὠὸινιόν

242 2049 330 2090 ὦδε
356 2066 430 2091 συν
463 2050 625 2104 εὔτοκιῆ
659 2050 875 2091 vocalibus
909 2068 945 2091 (J)
980 2050 1147 2091 dolores
1183 2053 1421 2104 pinguntur.
1455 2051 1718 2105 diphthongo
1755 2069 1799 2093 ευ

242 2119 375 2160 bonus
410 2130 582 2161 eventus
610 2128 808 2174 pasturae
835 2121 1015 2162 fortasse
1045 2122 1315 2173 describitur,
1350 2125 1390 2163 in
1419 2122 1517 2163 XII
1543 2126 1635 2175 118,
1663 2126 1682 2164 1
1709 2125 1799 2177 (42)

239 2190 370 2243 ,αὖραι
396 2192 570 2245 μέμφου
600 2193 827 2233 alliteratio
858 2207 933 2233 sua
961 2194 1092 2246 ipsius
1121 2207 1249 2234 causa
1272 2194 1482 2234 collocata
1508 2208 1599 2234 esse
1622 2193 1798 2234 videtur.

242 2261 311 2301 An
347 2261 607 2316 Theocritus,
647 2278 769 2316 quem
804 2263 982 2304 artificia
1015 2265 1178 2305 vocalia
1211 2266 1250 2304 in
1286 2266 1601 2317 epigrammatis
1641 2266 1798 2305 evitare

242 2332 433 2383 vidimus,
479 2334 801 2374 alliterationem
850 2349 944 2375 cum
990 2337 1152 2375 ratione
1197 2334 1451 2387 adhibuerit,
1489 2335 1611 2376 valde
1652 2335 1797 2376 dubito

242 2402 331 2455 (ΙΧ
366 2407 460 2455 599,
494 2408 516 2444 3
553 2405 645 2459 (17)
690 2408 802 2446 εἶκον
834 2407 963 2450 door:
1010 2406 1103 2446 VH
1137 2408 1239 2457 664,
1276 2409 1294 2446 1
1333 2407 1422 2460 (22)
1469 2406 1565 2459 ὗμιν
1606 2408 1696 2447 υἶον
1743 2431 1799 2435 ——

244 2473 337 2513 VII
366 2477 456 2524 160,
481 2478 516 2527 3,
541 2479 566 2515 4
590 2476 649 2529 (9)
682 2476 838 2521 mmm
873 2501 925 2506 —
957 2476 1182 2530 πᾶτριόος),
1248 2474 1376 2530 Apud
1409 2475 1599 2517 Samium
1632 2491 1798 2530 quoque

242 2558 455 2597 perpauca
488 2547 679 2599 exempla
717 2548 892 2599 legimus
929 2547 1013 2600 (VI
1045 2550 1138 2599 180,
1170 2550 1192 2587 9
1228 2547 1372 2600 αὔριον
1406 2547 1520 2594 αὔτα,
1559 2547 1659 2588 XII
1681 2550 1748 2596 46,
1775 2550 1796 2588 1

240 2617 399 2656 κεῖκοσι
441 2619 517 2657 καῖ
555 2617 722 2671 κοπιῶ).
801 2617 1119 2669 Callimachum,
1164 2617 1480 2671 Asclepiadam,
1526 2618 1797 2659 Theocritum

241 2685 565 2727 alliterationem
600 2689 733 2728 rarius
768 2703 893 2741 quam
927 2688 1201 2729 Tarentinum
1236 2690 1427 2742 posuisse
1461 2696 1649 2742 apparet.

360 2756 412 2797 D.
467 2758 741 2811 Epigramma
785 2759 878 2799 VII
916 2762 1000 2799 466
1047 2762 1151 2814 (14),
1203 2774 1284 2813 quo
1329 2759 1544 2800 Leonidas
1594 2761 1797 2813 imprimis

241 2826 458 2868 vocalibus
487 2829 586 2881 quid
614 2830 793 2870 voluerit
820 2832 1069 2883 assequitur,
1098 2832 1335 2871 accuratius
1369 2830 1573 2882 tractabo,
1600 2832 1700 2884 quia
1732 2845 1797 2871 me

241 2897 587 2939 confirmaturum
621 2914 710 2940 esse
745 2915 886 2953 spero,
928 2903 1074 2954 quanti
1108 2903 1308 2942 momenti
1342 2903 1635 2954 interpretatio
1657 2900 1797 2958 *artifi-
