2028 3533
819 873 1147 941 Appendix.

643 979 709 1020 De
744 979 1083 1032 epigrammate
1107 980 1197 1021 VII
1221 979 1321 1022 662.

324 1061 596 1102 Theocritum
655 1062 912 1114 epigramma
971 1065 1021 1102 16
1081 1062 1272 1102 codicum
1332 1065 1619 1116 composuisse
1673 1066 1759 1105 veri

205 1134 339 1173 simile
380 1147 460 1173 non
501 1139 573 1174 est.
626 1131 735 1173 Nam
770 1138 810 1172 et
841 1134 880 1172 in
917 1132 1172 1173 editionibus
1200 1133 1351 1174 Iuntae
1385 1141 1511 1187 atque
1539 1133 1759 1188 Calliergis

205 1204 323 1244 deest
376 1210 416 1243 et
468 1204 508 1243 in
562 1203 825 1255 Anthologia
869 1190 1065 1244 Palatina
1112 1204 1330 1245 Leonidae
1384 1204 1520 1245 datur.
1602 1205 1758 1247 Multos

205 1289 419 1315 sermones
445 1275 640 1315 carminis
664 1277 703 1314 in
724 1274 942 1315 Leonidae
958 1274 1175 1315 Tarentini
1201 1277 1526 1328 epigrammatis,
1548 1277 1759 1317 interdum

204 1347 331 1386 etiam
383 1345 529 1386 eadem
582 1347 622 1385 in
678 1345 776 1386 sede
826 1360 970 1386 versus
1019 1348 1190 1399 reperiri
1241 1346 1591 1388 Stadtmuellerus
1644 1354 1758 1389 recte

204 1418 400 1470 exposuit
423 1418 493 1469 (A.
517 1416 562 1458 P.
578 1416 671 1457 VH
695 1418 808 1471 662).
864 1415 1104 1458 Similitudo
1140 1427 1201 1458 est
1235 1426 1363 1469 tanta,
1396 1426 1440 1458 ut
1473 1426 1545 1458 aut
1577 1426 1758 1472 poetam,

204 1489 276 1540 qui
310 1487 584 1529 Tarentinum
623 1489 777 1528 imitari
816 1487 995 1539 volebat,
1035 1495 1107 1528 aut
1140 1488 1373 1529 Leonidam
1415 1491 1551 1542 ipsum
1591 1504 1757 1531 carmen

203 1561 492 1612 composuisse
535 1565 749 1612 appareat.
822 1558 933 1613 Quia
972 1559 1207 1600 Leonidam
1248 1575 1290 1600 se
1330 1562 1466 1613 ipsum
1505 1562 1566 1601 ita
1602 1562 1757 1602 imitari

204 1644 287 1671 non
326 1644 449 1683 posse
490 1629 840 1671 Stadtmuellerus
880 1645 1125 1683 persuasum
1166 1638 1291 1674 tenet.
1332 1646 1497 1672 carmen
1540 1631 1757 1673 Leonidae

204 1701 496 1742 Alexandrino
521 1701 677 1742 tribuit.
729 1701 1002 1742 Adiectivum
1030 1703 1202 1747 δείλαιος
1229 1703 1389 1751 (eadem
1418 1704 1458 1743 in
1488 1703 1586 1743 sede
1614 1717 1757 1744 versus

204 1772 297 1813 ΥΠ
322 1775 415 1825 662,
441 1776 464 1813 3
496 1779 536 1813 et
565 1773 695 1813 Leon.
720 1772 811 1813 ΥΠ
836 1776 931 1825 654,
956 1775 1016 1827 5),
1062 1773 1174 1826 quod
1216 1773 1544 1815 Stadtmuellero
1587 1775 1758 1815 maximi

203 1845 405 1884 momenti
449 1844 579 1884 fuisse
624 1844 799 1896 videtur,
844 1845 1022 1897 primum
1078 1845 1326 1897 appellatur.
1411 1844 1497 1886 Sed
1543 1845 1756 1886 Leonidas

204 1916 370 1968 saepius
397 1914 660 1967 vocabulum,
695 1915 806 1968 quod
836 1916 919 1955 iam
953 1915 1157 1967 adhibuit,
1190 1917 1230 1956 in
1265 1917 1347 1956 alio
1383 1918 1683 1970 epigrammate
1716 1918 1757 1956 in

204 1986 353 2026 eadem
392 1985 491 2026 sede
531 2000 673 2026 versus
712 1987 842 2039 ponit.
907 1986 1050 2026 Veluti
1090 1986 1261 2026 verbum
1302 1988 1431 2028 ὤλεσε
1471 1987 1620 2028 eodem
1662 1988 1756 2028 loco

204 2058 518 2109 epigrammatis
546 2057 637 2097 ΥΠ
672 2060 766 2108 665,
801 2060 824 2096 3
859 2063 900 2097 et
927 2057 1020 2097 ΥΠ
1054 2061 1149 2109 503,
1188 2061 1214 2097 4
1259 2059 1420 2111 legitur.
1503 2059 1757 2113 (Utrumque

203 2129 462 2180 epigramma
502 2127 555 2168 ad
595 2128 842 2181 naufragum
884 2130 1095 2183 pertinet.)
1160 2129 1326 2169 Deinde
1364 2131 1529 2170 initium
1563 2143 1756 2170 versuum

204 2198 270 2239 VI
295 2202 391 2250 228,
417 2203 460 2249 5;
497 2202 591 2251 289,
616 2202 639 2239 6
674 2199 979 2239 substantivum
1013 2202 1153 2253 κερκίς
1186 2199 1359 2252 obtinet,
1399 2200 1511 2254 quod
1546 2202 1755 2254 appositio

203 2276 382 2322 utroque
415 2271 456 2310 in
490 2285 612 2310 versu
646 2272 852 2323 sequitur:

415 2354 620 2408 κερκίδα,
650 2359 653 2404 Ι
682 2356 763 2395 τὰν
797 2355 920 2394 ἱστῶν
951 2355 1194 2406 μολπάτιὸα,
1227 2355 1295 2394 καὶ
1326 2355 1373 2394 τὰ
1406 2360 1577 2408 τροχαῖα

415 2424 619 2479 κερκίδα,
650 2427 653 2479 Ι
682 2427 762 2465 τὰν
794 2425 952 2478 λεχέων
984 2425 1238 2470 Πανελόπας
1270 2426 1448 2478 φύλακα,

206 2518 314 2558 Tum
346 2519 509 2559 initium
544 2533 737 2559 versuum
764 2519 853 2559 ΥΠ
878 2522 972 2570 654,
999 2522 1041 2570 63
1079 2522 1172 2570 273,
1198 2523 1220 2560 6
1256 2521 1492 2572 comparari
1525 2527 1682 2573 potest:

415 2602 658 2654 κέκλαυμαι,
689 2600 692 2656 Ι
721 2603 868 2655 τύμβῳ
902 2602 1035 2657 ὃόὐχ
1068 2604 1149 2642 ὕπο
1189 2601 1414 2655 Τιμόλυτος

416 2674 593 2725 οἴχημαικ
625 2673 628 2726 Ι
657 2674 838 2726 ψεύστης
871 2671 1043 2718 ὂόὗτος
1075 2675 1207 2714 ἔπεστι
1240 2674 1366 2718 λίθος.

204 2764 418 2806 Leonidas
446 2768 572 2819 igitur
599 2767 744 2807 eadem
775 2767 991 2819 vocabula,
1025 2766 1175 2820 quibus
1210 2769 1336 2807 etiam
1366 2769 1521 2809 similes
1549 2770 1753 2809 enuntiati

202 2843 343 2887 partes
369 2837 610 2889 succedunt,
634 2838 843 2878 interdum
867 2840 906 2878 in
933 2838 1217 2891 compluribus
1240 2840 1550 2891 epigrammatis
1570 2839 1753 2881 adhibet.

200 2905 370 2947 Deinde
406 2906 755 2949 Stadtmuellerus
796 2909 870 2949 has
904 2923 1028 2950 voces
1068 2909 1200 2961 affert,
1241 2924 1347 2962 quae
1387 2909 1533 2950 eadem
1572 2911 1614 2950 in
1654 2909 1753 2950 sede
