2028 3533
812 380 1101 417 -35-

182 496 315 536 altero
362 495 541 535 disticho
588 495 743 547 scripta
787 493 1032 534 brevissima
1072 499 1168 534 sunt
1207 499 1248 534 et
1286 493 1479 534 celeriter
1517 492 1595 533 sibi
1639 506 1733 533 suc-

182 565 348 608 cedunt.
412 565 788 617 (interrogationes
822 564 910 604 fere
944 565 1023 604 tria
1056 563 1281 615 vocabula,
1314 577 1517 616 responsa
1551 563 1633 603 duo
1667 563 1733 603 vel

183 650 310 676 unum
345 634 519 685 habent,
554 635 605 675 de
638 634 718 674 hoc
751 636 877 687 epigr.
911 648 1078 687 quoque
1113 634 1164 675 cf.
1197 633 1377 686 Rasche,
1409 648 1447 687 p.
1474 636 1538 685 21,
1564 635 1648 686 29.)

301 705 371 746 Ad
397 705 615 745 artificium
642 706 970 757 compositionis,
994 704 1107 757 quod
1129 706 1170 745 in
1195 704 1412 745 Leonidae
1428 703 1523 744 VII
1539 706 1621 744 648
1640 703 1732 757 (92)

181 777 401 827 invenitur,
434 777 517 816 iam
551 782 824 816 transeamus.
878 775 963 829 (De
997 781 1244 827 argumento
1279 776 1475 815 carminis
1510 775 1561 815 cf.
1586 789 1623 828 p.
1648 775 1732 828 24).

183 847 460 887 Aristocratis
506 847 639 887 oratio
685 846 857 897 singulis
897 845 1087 885 distichis
1121 859 1145 885 a
1176 851 1303 898 poeta
1339 845 1473 897 dictis,
1506 846 1545 885 in
1583 844 1732 898 quibus

185 931 335 958 nomen
369 918 584 970 proprium
619 915 795 956 eundem
830 915 968 956 locum
1001 922 1133 959 tenet.
1167 915 1520 955 circumcluditur.
1572 915 1732 956 Versus

183 989 385 1028 orationis
420 987 471 1028 ab
505 987 585 1028 illis
619 1001 667 1027 eo
702 986 917 1038 differunt,
958 985 1071 1039 quod
1105 1000 1200 1026 cum
1231 999 1375 1026 versus
1410 988 1452 1038 3,
1485 988 1528 1037 4,
1563 989 1604 1037 5,
1640 989 1676 1038 7,
1709 988 1734 1026 8

181 1060 345 1099 initium
372 1058 645 1111 spondiacum
671 1056 826 1097 habent
849 1064 936 1096 tum
959 1055 1147 1096 versibus
1173 1059 1209 1108 3,
1225 1059 1261 1108 5,
1279 1060 1300 1096 7
1319 1070 1493 1096 caesura
1518 1056 1735 1096 trochaica

182 1131 304 1181 inest,
338 1143 444 1182 quae
471 1130 511 1168 in
536 1127 707 1168 vocibus
732 1128 924 1168 similiter
947 1126 1195 1167 cadentibus
1218 1127 1382 1179 legitur.
1422 1126 1582 1167 Versus
1606 1126 1733 1167 hexa-

182 1201 305 1240 metri
322 1198 698 1240 circumcludentes
715 1212 932 1238 caesuram
946 1199 1240 1251 πενθημιμερῆ
1255 1203 1296 1237 et
1311 1196 1548 1238 bucolicam
1564 1196 1731 1240 habent.

181 1271 233 1311 In
269 1269 456 1311 versibus
491 1273 528 1321 3,
563 1272 599 1322 5,
635 1272 656 1309 7
691 1268 819 1309 verba
850 1270 910 1309 ita
942 1268 1137 1309 ordinata
1170 1274 1266 1308 sunt

676 1355 886 1392 v.3—-—
943 1349 1215 1405 -ῌσαιῂο

676 1425 885 1462 πηόψψ
940 1447 1026 1450 j—
1066 1420 1215 1477 &occlto

676 1496 885 1533 V.7——
943 1519 1029 1521 ——
1097 1490 1215 1548 οιΙτο

183 1587 466 1640 Praeceptum
525 1601 643 1627 suum
697 1586 986 1627 Aristocrates
1040 1585 1177 1626 verbis
1238 1586 1428 1626 similiter
1488 1584 1734 1626 sonantibus

180 1661 402 1713 μνησαῖτο,
448 1658 674 1699 ἓὸνωσαῖτο
714 1659 766 1711 (v.
799 1658 857 1710 3),
902 1657 1154 1698 στῧλωσαῖτο
1194 1657 1247 1709 (v.
1281 1657 1341 1710 5),
1381 1658 1569 1709 φαινοῖτο
1608 1656 1661 1711 (v.
1694 1657 1735 1710 7)

184 1729 596 1770 vehementissimum
620 1727 770 1770 reddit.
803 1728 939 1769 Poeta
960 1729 1087 1780 igitur
1110 1726 1281 1780 studuit,
1305 1733 1350 1767 ut
1364 1741 1506 1767 versus
1531 1728 1733 1767 orationis

183 1814 208 1840 a
244 1798 669 1840 circumcludentibus
703 1800 743 1839 in
778 1813 820 1839 re
854 1800 1029 1839 metrica
1063 1798 1279 1840 distarent.

304 1871 368 1911 Ex
408 1871 720 1923 epigrammatis
759 1870 839 1910 hoc
872 1871 913 1909 in
949 1871 1085 1922 capite
1121 1869 1311 1922 opusculi
1344 1869 1535 1909 tractatis
1570 1869 1734 1908 elucere

183 1948 285 1995 puto
324 1940 561 1982 Leonidam
600 1955 770 1994 operam
817 1939 1001 1992 dedisse,
1047 1947 1091 1980 ut
1136 1940 1319 1992 singulas
1364 1953 1429 1980 res
1474 1940 1515 1979 in
1562 1939 1734 1991 singulis

182 2012 374 2052 distichis
414 2011 611 2052 redderet
651 2011 777 2065 (idem
819 2017 961 2051 censet
999 2011 1184 2063 Rasche,
1223 2025 1261 2064 p.
1293 2011 1375 2064 23).
1437 2010 1487 2050 In
1524 2009 1733 2050 nonnullis

183 2081 439 2123 carminibus
479 2084 605 2123 etiam
645 2083 863 2122 enuntiata
902 2088 1027 2135 atque
1066 2081 1194 2122 verba
1238 2083 1278 2121 in
1316 2080 1504 2121 distichis
1546 2081 1736 2121 similiter

183 2153 406 2195 ordinavit.
468 2153 518 2193 In
553 2154 791 2193 universum
827 2152 1041 2193 Leonidas
1074 2152 1115 2192 id
1151 2153 1367 2204 spectavit,
1401 2157 1446 2191 ut
1471 2152 1505 2191 is
1535 2152 1605 2204 qui
1635 2151 1735 2204 legit

183 2226 437 2265 sententiam
491 2225 802 2277 epigrammatis
857 2225 998 2264 statim
1047 2229 1320 2275 cognosceret
1367 2228 1494 2275 atque
1543 2221 1735 2262 ordinem

183 2296 497 2336 enuntiatorum
530 2294 837 2347 verborumque
870 2294 995 2334 facile
1028 2295 1297 2347 perspiceret.

1479 3046 1520 3079 3*
