2028 3533
689 919 883 987 Caput
921 921 1192 972 alterum.

169 1037 234 1080 De
250 1037 481 1080 Leonidae
500 1036 747 1079 Tarentini
765 1037 866 1079 arte
888 1037 1100 1079 metrica.
1119 1061 1162 1065 —
1182 1036 1488 1094 Quaestiones
1511 1037 1725 1080 selectae.

360 1131 383 1186 ξ
420 1134 454 1173 l.
516 1131 589 1171 De
623 1130 820 1184 legibus
855 1128 1096 1171 Guilelmi
1130 1129 1532 1184 Meyer-Speyer.

284 1213 444 1254 Poetae
477 1213 729 1254 hellenistici
762 1214 842 1253 arti
874 1214 1073 1253 metricae
1104 1214 1283 1253 maxime
1320 1227 1491 1266 operam
1521 1212 1727 1253 dederunt

169 1297 381 1337 novasque
419 1285 542 1337 leges,
582 1298 686 1337 quas
726 1285 884 1337 primus
924 1285 986 1323 vir
1030 1283 1178 1324 doctus
1219 1282 1546 1337 Meyer-Speyer
1585 1284 1728 1324 elicuit

170 1353 424 1407 (Sitzungsb.
452 1354 489 1396 d.
517 1354 643 1407 Bayr.
670 1354 810 1397 Akad.
839 1357 960 1395 1884.
1033 1354 1121 1394 Zur
1160 1352 1416 1395 Geschichte
1459 1354 1532 1395 des
1571 1355 1727 1407 griech-

167 1440 202 1465 u.
226 1425 295 1466 lat.
320 1424 632 1479 Hexameters),
665 1426 707 1465 in
735 1425 988 1465 hexametris
1024 1424 1234 1465 struendis
1271 1424 1612 1467 observaverunt.
1668 1425 1726 1466 Ut

166 1495 300 1548 locus,
346 1510 467 1548 quem
515 1495 729 1536 Leonidas
776 1496 837 1536 his
888 1497 928 1536 in
982 1495 1106 1536 rebus
1158 1497 1342 1536 metricis
1395 1503 1525 1549 tenet,
1579 1497 1725 1536 melius

168 1574 456 1619 cognoscatur,
496 1581 639 1607 versus
681 1566 860 1620 Anytae,
904 1566 1202 1619 Asclepiadae,
1249 1565 1509 1618 Callimachi,
1555 1567 1725 1620 Hedyli,

166 1636 425 1679 Mnasalcae,
472 1636 638 1689 Niciae,
684 1637 949 1690 Poseidippi.
996 1637 1211 1677 Theocriti
1265 1637 1318 1677 ad
1364 1639 1725 1690 comparationem

169 1706 361 1749 adhibeo.
422 1707 561 1747 Prima
584 1708 651 1748 lex
673 1707 727 1747 ad
752 1708 983 1748 secundum
1007 1707 1155 1761 pedem
1182 1714 1363 1760 spectat:
1399 1707 1483 1748 Der
1507 1707 1724 1748 Troch'aus

168 1777 250 1817 und
293 1777 366 1818 der
404 1778 616 1832 Daktylus
655 1779 710 1818 im
753 1783 787 1819 2.
821 1778 938 1818 Fusse
981 1778 1078 1818 darf
1114 1778 1226 1818 nicht
1267 1778 1397 1819 durch
1446 1778 1523 1819 den
1567 1777 1723 1819 Schluss

167 1850 278 1888 eines
313 1848 421 1889 (1101-
456 1849 559 1889 oder
591 1848 889 1901 mehrsilbigen
924 1850 979 1888 im
1017 1853 1050 1891 1.
1080 1849 1199 1890 Fusse
1233 1836 1525 1902 beginnen'den
1552 1850 1723 1890 Wortes

164 1918 350 1971 gebildet
389 1919 552 1959 werden
594 1920 650 1972 (p.
678 1923 791 1974 980).
861 1919 1075 1960 Leonidas
1119 1920 1248 1973 legem
1295 1921 1336 1960 in
1385 1922 1570 1973 quinque
1616 1921 1722 1974 (sex)

163 1989 351 2030 versibus
379 1976 487 2042 (ΥΠ
507 1993 601 2042 283,
628 1994 648 2030 1
677 1997 903 2044 τετρηχυῖα
930 1992 1147 2043 θάλασσα,
1171 1991 1261 2031 ΥΠ
1279 1994 1375 2037 422.
1403 1995 1422 2031 1
1452 1993 1488 2031 τί
1509 1993 1722 2045 στοχασώ-

166 2061 279 2114 μεθά
312 2077 387 2102 σου
412 2060 502 2101 ΥΠ
527 2064 622 2110 652,
648 2064 668 2101 1
706 2063 897 2115 ἠχήεσσα
931 2062 1135 2102 θάλασσα
1164 2060 1268 2117 [ΥΠ
1294 2064 1389 2113 662,
1414 2065 1436 2101 5
1472 2064 1560 2103 αἰαῖ
1588 2063 1724 2104 ἐλεινὰ

164 2130 383 2187 παθοῦσα]
419 2131 489 2172 IX
520 2134 615 2184 318,
640 2135 663 2173 3
697 2133 766 2173 καὶ
799 2133 1075 2186 λαχαιήλόγῳ
1108 2132 1153 2172 Χ
1180 2135 1220 2184 1,
1247 2136 1267 2172 7
1303 2132 1425 2173 ταῦθ’
1456 2134 1479 2173 ὁ
1512 2133 1722 2186 Πρίηπος)

166 2216 247 2242 11011
267 2194 517 2244 observavit.
545 2201 627 2243 Sed
649 2202 903 2243 monendum
921 2210 984 2243 est
1000 2203 1233 2243 Leonidam
1252 2205 1345 2243 etin
1362 2203 1455 2243 ΥΠ
1473 2207 1566 2250 283,
1585 2207 1603 2244 1
1622 2207 1722 2256 (3,1)

164 2279 205 2313 et
226 2274 267 2312 in
287 2273 378 2312 ΥΠ
403 2276 497 2325 652,
521 2277 538 2313 1
568 2273 621 2325 (4,
643 2273 683 2327 1)
713 2280 753 2313 et
775 2275 815 2313 in
836 2273 927 2313 ΥΠ
949 2278 1042 2317 662.
1063 2277 1085 2313 5
1116 2274 1293 2314 similem
1317 2273 1541 2314 verborum
1566 2276 1722 2315 exitum

164 2342 404 2396 diligentiae
449 2345 648 2384 metricae
694 2346 986 2397 anteposuisse
1032 2344 1184 2394 videri3
1233 2346 1372 2385 nescio
1419 2359 1469 2385 an
1509 2353 1636 2398 poeta
1680 2348 1720 2386 in

164 2413 258 2453 ΥΠ
285 2417 381 2465 422,
408 2417 427 2454 1
458 2417 542 2467 (35,
571 2416 608 2468 1)
636 2416 677 2454 in
707 2415 837 2455 literis
866 2432 900 2463 σ,
934 2417 973 2455 111
1011 2414 1080 2455 IX
1109 2418 1204 2467 318,
1230 2419 1252 2456 3
1278 2416 1365 2469 (ΤΟ,
1391 2419 1432 2469 3)
1461 2417 1502 2456 111
1536 2418 1667 2457 literis
1700 2418 1721 2457 λ

162 2484 305 2524 ludere
340 2485 533 2535 voluerit,
566 2486 607 2525 in
645 2485 692 2526 X
718 2489 752 2534 1,
774 2490 793 2525 7
822 2486 904 2529 (50.
932 2487 972 2540 7)
1007 2488 1174 2526 nomine
1208 2488 1378 2539 proprio
1414 2494 1585 2527 coactus
1621 2488 1721 2540 legis

164 2554 316 2595 oblitus
352 2563 424 2596 est.
487 2556 638 2609 ltaque
673 2556 888 2597 Leonidas
930 2558 1063 2609 legem
1105 2571 1309 2610 nusquam
1345 2566 1504 2598 temere
1540 2559 1721 2611 negligit,

163 2626 373 2666 nonnullis
413 2628 453 2666 in
494 2626 683 2667 versibus
728 2635 893 2679 peccat,
940 2635 983 2667 ut
1028 2637 1137 2667 artes
1178 2628 1344 2668 vocales
1385 2628 1514 2681 (artes
1554 2629 1721 2669 vocales

166 2695 259 2736 dico
289 2698 426 2736 onmia
455 2696 642 2749 artificia,
667 2697 817 2750 quibus
841 2712 998 2750 aequus
1021 2699 1085 2738 vel
1114 2699 1259 2738 similis
1288 2712 1415 2739 sonus
1445 2700 1722 2752 complurium

167 2766 387 2807 verborum
414 2767 613 2822 efficitur)
642 2767 841 2809 adhibere
876 2771 1019 2822 possit.
1074 2768 1371 2821 Callimachus,
1395 2771 1464 2822 qui
1488 2771 1527 2810 in
1558 2770 1720 2823 hymnis

163 2837 264 2889 legis
301 2852 503 2890 nusquam
539 2838 692 2879 oblitus
736 2847 797 2879 cst
839 2841 915 2879 nisi
955 2841 995 2879 111
1033 2844 1068 2891 2,
1098 2843 1148 2879 41
1187 2840 1299 2881 (nam
1335 2841 1375 2879 in
1412 2843 1447 2885 6,
1480 2843 1531 2881 91
1569 2855 1718 2881 nomen

166 2909 376 2961 proprium
418 2910 617 2961 scriptum
661 2909 893 2963 habemus).
937 2912 977 2950 in
1018 2912 1331 2963 epigrammatis
1372 2911 1506 2963 legem
1547 2910 1721 2963 diligen-
