<?xml version="1.0" encoding="UTF-8"?>
<!DOCTYPE html PUBLIC "-//W3C//DTD XHTML 1.0 Transitional//EN"
    "http://www.w3.org/TR/xhtml1/DTD/xhtml1-transitional.dtd">
<html xmlns="http://www.w3.org/1999/xhtml" xml:lang="en" lang="en">
 <head>
  <title>
</title>
<meta http-equiv="Content-Type" content="text/html;charset=utf-8" />
  <meta name='ocr-system' content='tesseract 3.04.00' />
  <meta name='ocr-capabilities' content='ocr_page ocr_carea ocr_par ocr_line ocrx_word'/>
</head>
<body>
  <div class='ocr_page' id='page_1' title='image "./deleonidatarenti00hansuoft_0066.png"; bbox 0 0 2028 3533; ppageno 0'>
   <div class='ocr_carea' id='block_1_1' title="bbox 852 337 1143 374">
    <p class='ocr_par' dir='ltr' id='par_1_1' title="bbox 852 337 1143 374">
     <span class='ocr_line' id='line_1_1' title="bbox 852 337 1143 374; baseline 0 -11"><span class='ocrx_word' id='word_1_1' title='bbox 852 337 1143 374; x_wconf 54' lang='grc' dir='ltr'>ρ-64-</span> 
     </span>
    </p>
   </div>
   <div class='ocr_carea' id='block_1_2' title="bbox 216 450 1775 1072">
    <p class='ocr_par' dir='ltr' id='par_1_2' title="bbox 216 450 1775 1072">
     <span class='ocr_line' id='line_1_2' title="bbox 217 450 1774 508; baseline -0.001 -13"><span class='ocrx_word' id='word_1_2' title='bbox 217 456 417 508; x_wconf 67' lang='grc' dir='ltr'>ἒβρώθην</span> <span class='ocrx_word' id='word_1_3' title='bbox 440 454 647 507; x_wconf 83' lang='lat' dir='ltr'>legimus).</span> <span class='ocrx_word' id='word_1_4' title='bbox 700 451 901 492; x_wconf 89' lang='lat' dir='ltr'>Nondum</span> <span class='ocrx_word' id='word_1_5' title='bbox 927 457 1117 504; x_wconf 89' lang='lat' dir='ltr'>apertum</span> <span class='ocrx_word' id='word_1_6' title='bbox 1147 458 1220 503; x_wconf 92' lang='lat' dir='ltr'>est,</span> <span class='ocrx_word' id='word_1_7' title='bbox 1255 465 1339 504; x_wconf 88' lang='lat' dir='ltr'>qua</span> <span class='ocrx_word' id='word_1_8' title='bbox 1362 450 1413 491; x_wconf 90' lang='lat' dir='ltr'>de</span> <span class='ocrx_word' id='word_1_9' title='bbox 1439 465 1566 492; x_wconf 87' lang='lat' dir='ltr'>causa</span> <span class='ocrx_word' id='word_1_10' title='bbox 1589 451 1774 506; x_wconf 84' lang='lat' dir='ltr'>Tharsys</span> 
     </span>
     <span class='ocr_line' id='line_1_3' title="bbox 217 522 1774 575; baseline -0.001 -10"><span class='ocrx_word' id='word_1_11' title='bbox 217 532 258 565; x_wconf 86' lang='lat' dir='ltr'>et</span> <span class='ocrx_word' id='word_1_12' title='bbox 290 526 330 564; x_wconf 91' lang='lat' dir='ltr'>in</span> <span class='ocrx_word' id='word_1_13' title='bbox 364 525 468 564; x_wconf 86' lang='lat' dir='ltr'>mari</span> <span class='ocrx_word' id='word_1_14' title='bbox 504 529 545 563; x_wconf 83' lang='lat' dir='ltr'>et</span> <span class='ocrx_word' id='word_1_15' title='bbox 576 525 617 563; x_wconf 89' lang='lat' dir='ltr'>in</span> <span class='ocrx_word' id='word_1_16' title='bbox 644 529 755 564; x_wconf 88' lang='lat' dir='ltr'>terra</span> <span class='ocrx_word' id='word_1_17' title='bbox 779 522 966 575; x_wconf 89' lang='lat' dir='ltr'>sepultus</span> <span class='ocrx_word' id='word_1_18' title='bbox 992 523 1063 572; x_wconf 82' lang='lat' dir='ltr'>sit3</span> <span class='ocrx_word' id='word_1_19' title='bbox 1097 522 1199 562; x_wconf 90' lang='lat' dir='ltr'>nibil</span> <span class='ocrx_word' id='word_1_20' title='bbox 1224 528 1439 562; x_wconf 86' lang='lat' dir='ltr'>narratum</span> <span class='ocrx_word' id='word_1_21' title='bbox 1464 528 1527 562; x_wconf 89' lang='lat' dir='ltr'>est</span> <span class='ocrx_word' id='word_1_22' title='bbox 1550 523 1628 563; x_wconf 91' lang='lat' dir='ltr'>nisi</span> <span class='ocrx_word' id='word_1_23' title='bbox 1651 536 1774 565; x_wconf 81' lang='lat' dir='ltr'>mors,</span> 
     </span>
     <span class='ocr_line' id='line_1_4' title="bbox 219 592 1775 647; baseline -0.001 -11"><span class='ocrx_word' id='word_1_24' title='bbox 219 595 369 637; x_wconf 79' lang='lat' dir='ltr'>Statim</span> <span class='ocrx_word' id='word_1_25' title='bbox 395 601 534 634; x_wconf 91' lang='lat' dir='ltr'>autem</span> <span class='ocrx_word' id='word_1_26' title='bbox 560 608 581 634; x_wconf 87' lang='lat' dir='ltr'>a</span> <span class='ocrx_word' id='word_1_27' title='bbox 606 595 777 647; x_wconf 85' lang='lat' dir='ltr'>pistrico</span> <span class='ocrx_word' id='word_1_28' title='bbox 802 608 844 633; x_wconf 87' lang='lat' dir='ltr'>se</span> <span class='ocrx_word' id='word_1_29' title='bbox 869 593 929 633; x_wconf 79' lang='grc' dir='ltr'>ἐπ’</span> <span class='ocrx_word' id='word_1_30' title='bbox 956 594 1167 647; x_wconf 72' lang='grc' dir='ltr'><em>ὀμφαλίου</em></span> <span class='ocrx_word' id='word_1_31' title='bbox 1196 594 1250 645; x_wconf 87' lang='lat' dir='ltr'>(in</span> <span class='ocrx_word' id='word_1_32' title='bbox 1275 607 1419 633; x_wconf 86' lang='lat' dir='ltr'>versus</span> <span class='ocrx_word' id='word_1_33' title='bbox 1442 592 1559 644; x_wconf 82' lang='lat' dir='ltr'>finel)</span> <span class='ocrx_word' id='word_1_34' title='bbox 1582 599 1775 634; x_wconf 79' lang='lat' dir='ltr'>voratum</span> 
     </span>
     <span class='ocr_line' id='line_1_5' title="bbox 218 663 1774 718; baseline -0.001 -12"><span class='ocrx_word' id='word_1_35' title='bbox 218 680 307 706; x_wconf 87' lang='lat' dir='ltr'>esse</span> <span class='ocrx_word' id='word_1_36' title='bbox 341 672 530 705; x_wconf 89' lang='lat' dir='ltr'>mortuus</span> <span class='ocrx_word' id='word_1_37' title='bbox 565 664 678 705; x_wconf 86' lang='lat' dir='ltr'>dicit.</span> <span class='ocrx_word' id='word_1_38' title='bbox 724 664 846 704; x_wconf 89' lang='lat' dir='ltr'>Haec</span> <span class='ocrx_word' id='word_1_39' title='bbox 880 678 946 704; x_wconf 90' lang='lat' dir='ltr'>res</span> <span class='ocrx_word' id='word_1_40' title='bbox 980 665 1019 704; x_wconf 92' lang='lat' dir='ltr'>in</span> <span class='ocrx_word' id='word_1_41' title='bbox 1056 663 1237 705; x_wconf 89' lang='lat' dir='ltr'>disticho</span> <span class='ocrx_word' id='word_1_42' title='bbox 1273 665 1465 717; x_wconf 78' lang='lat' dir='ltr'>sequenti</span> <span class='ocrx_word' id='word_1_43' title='bbox 1500 665 1670 718; x_wconf 79' lang='lat' dir='ltr'>copiose</span> <span class='ocrx_word' id='word_1_44' title='bbox 1705 664 1774 705; x_wconf 91' lang='lat' dir='ltr'>de—</span> 
     </span>
     <span class='ocr_line' id='line_1_6' title="bbox 218 734 1774 788; baseline -0.001 -11"><span class='ocrx_word' id='word_1_45' title='bbox 218 736 424 787; x_wconf 77' lang='lat' dir='ltr'>scribitur,</span> <span class='ocrx_word' id='word_1_46' title='bbox 459 743 651 776; x_wconf 85' lang='lat' dir='ltr'>truncum</span> <span class='ocrx_word' id='word_1_47' title='bbox 688 734 855 775; x_wconf 87' lang='lat' dir='ltr'>sodales</span> <span class='ocrx_word' id='word_1_48' title='bbox 890 734 1117 775; x_wconf 85' lang='lat' dir='ltr'>servabant</span> <span class='ocrx_word' id='word_1_49' title='bbox 1149 738 1293 787; x_wconf 81' lang='lat' dir='ltr'>(.,onus</span> <span class='ocrx_word' id='word_1_50' title='bbox 1327 735 1552 788; x_wconf 74' lang='lat' dir='ltr'>frigidum“</span> <span class='ocrx_word' id='word_1_51' title='bbox 1586 742 1774 776; x_wconf 91' lang='lat' dir='ltr'>mortuus</span> 
     </span>
     <span class='ocr_line' id='line_1_7' title="bbox 216 805 1775 860; baseline -0.001 -13"><span class='ocrx_word' id='word_1_52' title='bbox 216 809 418 860; x_wconf 87' lang='lat' dir='ltr'>loquitur,</span> <span class='ocrx_word' id='word_1_53' title='bbox 453 821 534 847; x_wconf 91' lang='lat' dir='ltr'>non</span> <span class='ocrx_word' id='word_1_54' title='bbox 574 805 800 846; x_wconf 78' lang='lat' dir='ltr'>immodice</span> <span class='ocrx_word' id='word_1_55' title='bbox 833 812 1011 857; x_wconf 81' lang='lat' dir='ltr'>maeste,</span> <span class='ocrx_word' id='word_1_56' title='bbox 1050 807 1156 846; x_wconf 86' lang='lat' dir='ltr'>alius</span> <span class='ocrx_word' id='word_1_57' title='bbox 1191 805 1383 846; x_wconf 84' lang='lat' dir='ltr'>dixisset:</span> <span class='ocrx_word' id='word_1_58' title='bbox 1426 820 1529 846; x_wconf 92' lang='lat' dir='ltr'>onus</span> <span class='ocrx_word' id='word_1_59' title='bbox 1562 805 1775 858; x_wconf 84' lang='lat' dir='ltr'>horribile,</span> 
     </span>
     <span class='ocr_line' id='line_1_8' title="bbox 218 876 1774 930; baseline -0.001 -11"><span class='ocrx_word' id='word_1_60' title='bbox 218 893 320 919; x_wconf 90' lang='lat' dir='ltr'>onus</span> <span class='ocrx_word' id='word_1_61' title='bbox 354 879 619 927; x_wconf 84' lang='lat' dir='ltr'>mutilatum).</span> <span class='ocrx_word' id='word_1_62' title='bbox 673 877 731 917; x_wconf 83' lang='lat' dir='ltr'>Et</span> <span class='ocrx_word' id='word_1_63' title='bbox 765 891 815 917; x_wconf 85' lang='lat' dir='ltr'>ex</span> <span class='ocrx_word' id='word_1_64' title='bbox 848 877 927 917; x_wconf 88' lang='lat' dir='ltr'>hac</span> <span class='ocrx_word' id='word_1_65' title='bbox 961 878 1132 930; x_wconf 83' lang='lat' dir='ltr'>propria</span> <span class='ocrx_word' id='word_1_66' title='bbox 1166 876 1390 917; x_wconf 76' lang='lat' dir='ltr'>affectione</span> <span class='ocrx_word' id='word_1_67' title='bbox 1424 878 1552 917; x_wconf 87' lang='lat' dir='ltr'>animi</span> <span class='ocrx_word' id='word_1_68' title='bbox 1586 884 1774 918; x_wconf 84' lang='lat' dir='ltr'>mortuus</span> 
     </span>
     <span class='ocr_line' id='line_1_9' title="bbox 217 948 1774 1002; baseline 0 -13"><span class='ocrx_word' id='word_1_69' title='bbox 217 949 336 989; x_wconf 84' lang='lat' dir='ltr'>dicit:</span> <span class='ocrx_word' id='word_1_70' title='bbox 371 951 412 988; x_wconf 90' lang='lat' dir='ltr'>in</span> <span class='ocrx_word' id='word_1_71' title='bbox 447 949 626 1002; x_wconf 87' lang='lat' dir='ltr'>patriam</span> <span class='ocrx_word' id='word_1_72' title='bbox 663 962 744 988; x_wconf 90' lang='lat' dir='ltr'>non</span> <span class='ocrx_word' id='word_1_73' title='bbox 780 955 979 989; x_wconf 84' lang='lat' dir='ltr'>revertor.</span> <span class='ocrx_word' id='word_1_74' title='bbox 1034 948 1175 1000; x_wconf 86' lang='lat' dir='ltr'>(Hanc</span> <span class='ocrx_word' id='word_1_75' title='bbox 1209 949 1461 989; x_wconf 88' lang='lat' dir='ltr'>sententiam</span> <span class='ocrx_word' id='word_1_76' title='bbox 1496 954 1641 989; x_wconf 86' lang='lat' dir='ltr'>nostra</span> <span class='ocrx_word' id='word_1_77' title='bbox 1671 962 1774 989; x_wconf 84' lang='lat' dir='ltr'>voce</span> 
     </span>
     <span class='ocr_line' id='line_1_10' title="bbox 218 1018 840 1072; baseline -0.002 -12"><span class='ocrx_word' id='word_1_78' title='bbox 218 1018 537 1072; x_wconf 81' lang='lat' dir='ltr'>Galgenhumor</span> <span class='ocrx_word' id='word_1_79' title='bbox 570 1021 840 1070; x_wconf 84' lang='lat' dir='ltr'>notaremus.)</span> 
     </span>
    </p>
   </div>
   <div class='ocr_carea' id='block_1_3' title="bbox 215 1102 1777 1455">
    <p class='ocr_par' dir='ltr' id='par_1_3' title="bbox 215 1102 1777 1297">
     <span class='ocr_line' id='line_1_11' title="bbox 333 1102 1777 1156; baseline 0.001 -14"><span class='ocrx_word' id='word_1_80' title='bbox 333 1103 383 1143; x_wconf 86' lang='lat' dir='ltr'>In</span> <span class='ocrx_word' id='word_1_81' title='bbox 425 1104 727 1155; x_wconf 78' lang='lat' dir='ltr'>epigrammate</span> <span class='ocrx_word' id='word_1_82' title='bbox 769 1105 821 1142; x_wconf 75' lang='lat'>22</span> <span class='ocrx_word' id='word_1_83' title='bbox 857 1102 967 1156; x_wconf 76' lang='lat' dir='ltr'>(VII</span> <span class='ocrx_word' id='word_1_84' title='bbox 999 1103 1069 1156; x_wconf 84' lang='lat'>35)</span> <span class='ocrx_word' id='word_1_85' title='bbox 1105 1103 1224 1142; x_wconf 87' lang='lat' dir='ltr'>elatis</span> <span class='ocrx_word' id='word_1_86' title='bbox 1258 1116 1403 1143; x_wconf 79' lang='lat' dir='ltr'>versus</span> <span class='ocrx_word' id='word_1_87' title='bbox 1437 1103 1540 1143; x_wconf 88' lang='lat' dir='ltr'>locis</span> <span class='ocrx_word' id='word_1_88' title='bbox 1575 1108 1777 1156; x_wconf 87' lang='lat' dir='ltr'>quattuor</span> 
     </span>
     <span class='ocr_line' id='line_1_12' title="bbox 215 1173 1777 1227; baseline 0 -14"><span class='ocrx_word' id='word_1_89' title='bbox 215 1175 339 1214; x_wconf 90' lang='lat' dir='ltr'>trium</span> <span class='ocrx_word' id='word_1_90' title='bbox 375 1173 628 1227; x_wconf 80' lang='lat' dir='ltr'>syllabarum</span> <span class='ocrx_word' id='word_1_91' title='bbox 663 1173 882 1225; x_wconf 84' lang='lat' dir='ltr'>vocabula,</span> <span class='ocrx_word' id='word_1_92' title='bbox 916 1188 1023 1226; x_wconf 88' lang='lat' dir='ltr'>quae</span> <span class='ocrx_word' id='word_1_93' title='bbox 1059 1181 1099 1214; x_wconf 91' lang='lat' dir='ltr'>et</span> <span class='ocrx_word' id='word_1_94' title='bbox 1131 1173 1282 1226; x_wconf 90' lang='lat' dir='ltr'>pedem</span> <span class='ocrx_word' id='word_1_95' title='bbox 1318 1173 1573 1227; x_wconf 83' lang='lat' dir='ltr'>dactylicum</span> <span class='ocrx_word' id='word_1_96' title='bbox 1607 1174 1777 1227; x_wconf 87' lang='lat' dir='ltr'>explent</span> 
     </span>
     <span class='ocr_line' id='line_1_13' title="bbox 217 1244 1002 1297; baseline -0.001 -11"><span class='ocrx_word' id='word_1_97' title='bbox 217 1251 256 1286; x_wconf 88' lang='lat' dir='ltr'>et</span> <span class='ocrx_word' id='word_1_98' title='bbox 290 1245 480 1285; x_wconf 91' lang='lat' dir='ltr'>similiter</span> <span class='ocrx_word' id='word_1_99' title='bbox 513 1244 682 1297; x_wconf 74' lang='lat' dir='ltr'>cadunt,</span> <span class='ocrx_word' id='word_1_100' title='bbox 715 1246 1002 1285; x_wconf 80' lang='lat' dir='ltr'>inveniunt-ur:</span> 
     </span>
    </p>

    <p class='ocr_par' dir='ltr' id='par_1_4' title="bbox 393 1326 1589 1455">
     <span class='ocr_line' id='line_1_14' title="bbox 393 1326 1589 1383; baseline -0.001 -14"><span class='ocrx_word' id='word_1_101' title='bbox 393 1326 591 1383; x_wconf 81' lang='grc' dir='ltr'><em>ἄρμενος</em></span> <span class='ocrx_word' id='word_1_102' title='bbox 624 1328 674 1382; x_wconf 77' lang='grc' dir='ltr'>ἦν</span> <span class='ocrx_word' id='word_1_103' title='bbox 707 1330 894 1375; x_wconf 64' lang='grc' dir='ltr'><em>ξείνοισίν</em></span> <span class='ocrx_word' id='word_1_104' title='bbox 927 1329 1032 1381; x_wconf 71' lang='grc' dir='ltr'>ἀνὴρ</span> <span class='ocrx_word' id='word_1_105' title='bbox 1066 1329 1138 1369; x_wconf 71' lang='grc' dir='ltr'>ὅδε</span> <span class='ocrx_word' id='word_1_106' title='bbox 1170 1331 1250 1369; x_wconf 84' lang='grc' dir='ltr'>καὶ</span> <span class='ocrx_word' id='word_1_107' title='bbox 1283 1327 1420 1383; x_wconf 84' lang='grc' dir='ltr'><em>φίλος</em></span> <span class='ocrx_word' id='word_1_108' title='bbox 1454 1329 1589 1373; x_wconf 75' lang='grc' dir='ltr'><em>ἀστοῖς</em></span> 
     </span>
     <span class='ocr_line' id='line_1_15' title="bbox 463 1398 1465 1455; baseline 0 -15"><span class='ocrx_word' id='word_1_109' title='bbox 463 1399 703 1455; x_wconf 87' lang='grc' dir='ltr'><em>Πίνδαρος</em></span> <span class='ocrx_word' id='word_1_110' title='bbox 735 1401 944 1453; x_wconf 67' lang='grc' dir='ltr'><em>εὖφωνῶν</em></span> <span class='ocrx_word' id='word_1_111' title='bbox 978 1399 1191 1452; x_wconf 77' lang='grc' dir='ltr'><em>Πιερίδων</em></span> <span class='ocrx_word' id='word_1_112' title='bbox 1223 1398 1465 1455; x_wconf 78' lang='grc' dir='ltr'><em>πρόπολος</em></span> 
     </span>
    </p>
   </div>
   <div class='ocr_carea' id='block_1_4' title="bbox 216 1492 1777 1761">
    <p class='ocr_par' dir='ltr' id='par_1_5' title="bbox 216 1492 1777 1761">
     <span class='ocr_line' id='line_1_16' title="bbox 333 1492 1777 1551; baseline 0 -17"><span class='ocrx_word' id='word_1_113' title='bbox 333 1493 387 1534; x_wconf 84' lang='lat' dir='ltr'>Id</span> <span class='ocrx_word' id='word_1_114' title='bbox 427 1496 624 1541; x_wconf 77' lang='grc' dir='ltr'><em>ξείνοισιν</em></span> <span class='ocrx_word' id='word_1_115' title='bbox 664 1495 756 1535; x_wconf 81' lang='lat' dir='ltr'>voci</span> <span class='ocrx_word' id='word_1_116' title='bbox 797 1496 943 1544; x_wconf 78' lang='grc' dir='ltr'><em>ἀστοῖς</em></span> <span class='ocrx_word' id='word_1_117' title='bbox 974 1495 1014 1534; x_wconf 89' lang='lat' dir='ltr'>in</span> <span class='ocrx_word' id='word_1_118' title='bbox 1051 1508 1154 1535; x_wconf 92' lang='lat' dir='ltr'>sono</span> <span class='ocrx_word' id='word_1_119' title='bbox 1189 1508 1357 1547; x_wconf 88' lang='lat' dir='ltr'>quoque</span> <span class='ocrx_word' id='word_1_120' title='bbox 1390 1493 1631 1551; x_wconf 77' lang='lat' dir='ltr'>respondet,</span> <span class='ocrx_word' id='word_1_121' title='bbox 1665 1492 1777 1534; x_wconf 84' lang='lat' dir='ltr'>bona</span> 
     </span>
     <span class='ocr_line' id='line_1_17' title="bbox 217 1564 1775 1621; baseline -0.001 -16"><span class='ocrx_word' id='word_1_122' title='bbox 217 1565 495 1605; x_wconf 87' lang='lat' dir='ltr'>collocatione</span> <span class='ocrx_word' id='word_1_123' title='bbox 548 1567 588 1605; x_wconf 89' lang='lat' dir='ltr'>in</span> <span class='ocrx_word' id='word_1_124' title='bbox 642 1579 762 1606; x_wconf 86' lang='lat' dir='ltr'>versu</span> <span class='ocrx_word' id='word_1_125' title='bbox 816 1572 1082 1618; x_wconf 87' lang='lat' dir='ltr'>pentametro</span> <span class='ocrx_word' id='word_1_126' title='bbox 1128 1565 1243 1605; x_wconf 80' lang='lat' dir='ltr'>facta</span> <span class='ocrx_word' id='word_1_127' title='bbox 1288 1564 1500 1621; x_wconf 57' lang='lat' dir='ltr'>(Ablssa)</span> <span class='ocrx_word' id='word_1_128' title='bbox 1547 1572 1588 1605; x_wconf 91' lang='lat' dir='ltr'>et</span> <span class='ocrx_word' id='word_1_129' title='bbox 1631 1578 1775 1605; x_wconf 84' lang='lat' dir='ltr'>versus</span> 
     </span>
     <span class='ocr_line' id='line_1_18' title="bbox 216 1636 1777 1689; baseline -0.001 -13"><span class='ocrx_word' id='word_1_130' title='bbox 216 1636 562 1677; x_wconf 85' lang='lat' dir='ltr'>circumcluditur</span> <span class='ocrx_word' id='word_1_131' title='bbox 594 1636 768 1677; x_wconf 84' lang='lat' dir='ltr'>vocibus</span> <span class='ocrx_word' id='word_1_132' title='bbox 804 1636 1107 1689; x_wconf 84' lang='lat' dir='ltr'>coniungendis</span> <span class='ocrx_word' id='word_1_133' title='bbox 1139 1644 1179 1676; x_wconf 85' lang='lat' dir='ltr'>et</span> <span class='ocrx_word' id='word_1_134' title='bbox 1208 1637 1570 1677; x_wconf 85' lang='lat' dir='ltr'>homoioteleuton</span> <span class='ocrx_word' id='word_1_135' title='bbox 1600 1642 1777 1688; x_wconf 85' lang='lat' dir='ltr'>augetur</span> 
     </span>
     <span class='ocr_line' id='line_1_19' title="bbox 217 1708 1394 1761; baseline 0.001 -14"><span class='ocrx_word' id='word_1_136' title='bbox 217 1714 258 1748; x_wconf 91' lang='lat' dir='ltr'>et</span> <span class='ocrx_word' id='word_1_137' title='bbox 291 1708 460 1748; x_wconf 88' lang='lat' dir='ltr'>nomina</span> <span class='ocrx_word' id='word_1_138' title='bbox 494 1709 666 1761; x_wconf 82' lang='lat' dir='ltr'>propria</span> <span class='ocrx_word' id='word_1_139' title='bbox 701 1709 819 1748; x_wconf 89' lang='lat' dir='ltr'>elatis</span> <span class='ocrx_word' id='word_1_140' title='bbox 854 1722 998 1748; x_wconf 85' lang='lat' dir='ltr'>versus</span> <span class='ocrx_word' id='word_1_141' title='bbox 1034 1708 1135 1748; x_wconf 89' lang='lat' dir='ltr'>locis</span> <span class='ocrx_word' id='word_1_142' title='bbox 1169 1714 1394 1761; x_wconf 85' lang='lat' dir='ltr'>ponuntur.</span> 
     </span>
    </p>
   </div>
   <div class='ocr_carea' id='block_1_5' title="bbox 215 1790 1776 2995">
    <p class='ocr_par' dir='ltr' id='par_1_6' title="bbox 215 1790 1776 2698">
     <span class='ocr_line' id='line_1_20' title="bbox 333 1790 1774 1845; baseline -0.001 -15"><span class='ocrx_word' id='word_1_143' title='bbox 333 1790 384 1831; x_wconf 86' lang='lat' dir='ltr'>In</span> <span class='ocrx_word' id='word_1_144' title='bbox 414 1792 714 1843; x_wconf 77' lang='lat' dir='ltr'>epigrammate</span> <span class='ocrx_word' id='word_1_145' title='bbox 739 1791 830 1831; x_wconf 81' lang='lat' dir='ltr'>VII</span> <span class='ocrx_word' id='word_1_146' title='bbox 856 1793 939 1832; x_wconf 79' lang='lat'>316</span> <span class='ocrx_word' id='word_1_147' title='bbox 969 1792 1060 1845; x_wconf 66' lang='lat'>(39)</span> <span class='ocrx_word' id='word_1_148' title='bbox 1088 1798 1277 1830; x_wconf 91' lang='lat' dir='ltr'>mortuus</span> <span class='ocrx_word' id='word_1_149' title='bbox 1306 1792 1512 1830; x_wconf 85' lang='lat' dir='ltr'>viatorem</span> <span class='ocrx_word' id='word_1_150' title='bbox 1546 1791 1774 1843; x_wconf 87' lang='lat' dir='ltr'>praeterire</span> 
     </span>
     <span class='ocr_line' id='line_1_21' title="bbox 215 1861 1775 1915; baseline 0.001 -14"><span class='ocrx_word' id='word_1_151' title='bbox 215 1861 344 1904; x_wconf 83' lang='lat' dir='ltr'>iubet.</span> <span class='ocrx_word' id='word_1_152' title='bbox 408 1862 465 1903; x_wconf 93' lang='lat' dir='ltr'>Ut</span> <span class='ocrx_word' id='word_1_153' title='bbox 503 1864 604 1903; x_wconf 90' lang='lat' dir='ltr'>iussi</span> <span class='ocrx_word' id='word_1_154' title='bbox 647 1864 848 1903; x_wconf 86' lang='lat' dir='ltr'>severitas</span> <span class='ocrx_word' id='word_1_155' title='bbox 889 1869 1103 1915; x_wconf 78' lang='lat' dir='ltr'>augeatur,</span> <span class='ocrx_word' id='word_1_156' title='bbox 1139 1869 1341 1915; x_wconf 87' lang='lat' dir='ltr'>quattuor</span> <span class='ocrx_word' id='word_1_157' title='bbox 1375 1876 1395 1902; x_wconf 91' lang='lat' dir='ltr'>e</span> <span class='ocrx_word' id='word_1_158' title='bbox 1430 1863 1614 1915; x_wconf 89' lang='lat' dir='ltr'>quinque</span> <span class='ocrx_word' id='word_1_159' title='bbox 1647 1862 1775 1914; x_wconf 85' lang='lat' dir='ltr'>parti-</span> 
     </span>
     <span class='ocr_line' id='line_1_22' title="bbox 218 1932 1775 1987; baseline -0.001 -13"><span class='ocrx_word' id='word_1_160' title='bbox 218 1934 320 1974; x_wconf 85' lang='lat' dir='ltr'>culis</span> <span class='ocrx_word' id='word_1_161' title='bbox 366 1936 423 1987; x_wconf 81' lang='grc' dir='ltr'>μή</span> <span class='ocrx_word' id='word_1_162' title='bbox 464 1940 685 1986; x_wconf 80' lang='lat' dir='ltr'>acuuntur,</span> <span class='ocrx_word' id='word_1_163' title='bbox 731 1948 838 1987; x_wconf 82' lang='lat' dir='ltr'>quae</span> <span class='ocrx_word' id='word_1_164' title='bbox 879 1935 986 1973; x_wconf 88' lang='lat' dir='ltr'>ratio</span> <span class='ocrx_word' id='word_1_165' title='bbox 1026 1934 1168 1973; x_wconf 90' lang='lat' dir='ltr'>multis</span> <span class='ocrx_word' id='word_1_166' title='bbox 1209 1932 1424 1973; x_wconf 80' lang='lat' dir='ltr'>vocalibus</span> <span class='ocrx_word' id='word_1_167' title='bbox 1458 1950 1482 1986; x_wconf 78' lang='grc' dir='ltr'>η</span> <span class='ocrx_word' id='word_1_168' title='bbox 1523 1932 1643 1973; x_wconf 90' lang='lat' dir='ltr'>elatis</span> <span class='ocrx_word' id='word_1_169' title='bbox 1678 1946 1775 1973; x_wconf 89' lang='lat' dir='ltr'>con-</span> 
     </span>
     <span class='ocr_line' id='line_1_23' title="bbox 216 2003 1775 2058; baseline -0.001 -14"><span class='ocrx_word' id='word_1_170' title='bbox 216 2004 417 2047; x_wconf 79' lang='lat' dir='ltr'>firmatur.</span> <span class='ocrx_word' id='word_1_171' title='bbox 480 2004 648 2045; x_wconf 89' lang='lat' dir='ltr'>Deinde</span> <span class='ocrx_word' id='word_1_172' title='bbox 685 2004 812 2045; x_wconf 83' lang='lat' dir='ltr'>Verba</span> <span class='ocrx_word' id='word_1_173' title='bbox 844 2005 949 2058; x_wconf 67' lang='grc' dir='ltr'>μήθ’</span> <span class='ocrx_word' id='word_1_174' title='bbox 985 2006 1094 2050; x_wconf 80' lang='grc' dir='ltr'><strong><em>ὅστις</em></strong></span> <span class='ocrx_word' id='word_1_175' title='bbox 1127 2005 1179 2049; x_wconf 89' lang='lat' dir='ltr'>(V.</span> <span class='ocrx_word' id='word_1_176' title='bbox 1204 2005 1248 2055; x_wconf 75' lang='lat'>2‘)</span> <span class='ocrx_word' id='word_1_177' title='bbox 1284 2011 1323 2044; x_wconf 84' lang='lat' dir='ltr'>et</span> <span class='ocrx_word' id='word_1_178' title='bbox 1354 2004 1455 2058; x_wconf 77' lang='grc' dir='ltr'>μηδ’</span> <span class='ocrx_word' id='word_1_179' title='bbox 1491 2005 1624 2049; x_wconf 77' lang='grc' dir='ltr'><em>οὕτως</em></span> <span class='ocrx_word' id='word_1_180' title='bbox 1658 2003 1709 2057; x_wconf 74' lang='lat' dir='ltr'>(v,</span> <span class='ocrx_word' id='word_1_181' title='bbox 1731 2003 1775 2057; x_wconf 81' lang='lat'>4)</span> 
     </span>
     <span class='ocr_line' id='line_1_24' title="bbox 218 2074 1776 2128; baseline -0.001 -12"><span class='ocrx_word' id='word_1_182' title='bbox 218 2075 397 2116; x_wconf 88' lang='lat' dir='ltr'>eundem</span> <span class='ocrx_word' id='word_1_183' title='bbox 443 2090 586 2116; x_wconf 86' lang='lat' dir='ltr'>versus</span> <span class='ocrx_word' id='word_1_184' title='bbox 633 2077 771 2117; x_wconf 87' lang='lat' dir='ltr'>locum</span> <span class='ocrx_word' id='word_1_185' title='bbox 817 2082 979 2126; x_wconf 72' lang='lat' dir='ltr'>tenent3</span> <span class='ocrx_word' id='word_1_186' title='bbox 1025 2077 1190 2128; x_wconf 85' lang='lat' dir='ltr'>utrique</span> <span class='ocrx_word' id='word_1_187' title='bbox 1230 2074 1450 2126; x_wconf 86' lang='lat' dir='ltr'>vocabulo,</span> <span class='ocrx_word' id='word_1_188' title='bbox 1490 2076 1556 2115; x_wconf 88' lang='lat' dir='ltr'>cui</span> <span class='ocrx_word' id='word_1_189' title='bbox 1602 2088 1776 2115; x_wconf 86' lang='lat' dir='ltr'>caesura</span> 
     </span>
     <span class='ocr_line' id='line_1_25' title="bbox 218 2145 1775 2200; baseline -0.001 -13"><span class='ocrx_word' id='word_1_190' title='bbox 218 2147 394 2187; x_wconf 86' lang='lat' dir='ltr'>divisum</span> <span class='ocrx_word' id='word_1_191' title='bbox 423 2161 575 2187; x_wconf 85' lang='lat' dir='ltr'>novum</span> <span class='ocrx_word' id='word_1_192' title='bbox 597 2149 873 2190; x_wconf 82' lang='lat' dir='ltr'>enuntiatum.</span> <span class='ocrx_word' id='word_1_193' title='bbox 898 2147 1011 2200; x_wconf 89' lang='lat' dir='ltr'>quod</span> <span class='ocrx_word' id='word_1_194' title='bbox 1032 2161 1055 2186; x_wconf 86' lang='lat' dir='ltr'>a</span> <span class='ocrx_word' id='word_1_195' title='bbox 1073 2146 1279 2187; x_wconf 83' lang='lat' dir='ltr'>vocabulo</span> <span class='ocrx_word' id='word_1_196' title='bbox 1298 2145 1589 2200; x_wconf 82' lang='lat' dir='ltr'>monosyllabo</span> <span class='ocrx_word' id='word_1_197' title='bbox 1606 2147 1689 2199; x_wconf 70' lang='grc' dir='ltr'><em>(μή,</em></span> <span class='ocrx_word' id='word_1_198' title='bbox 1714 2147 1775 2199; x_wconf 80' lang='grc' dir='ltr'>ἥν)</span> 
     </span>
     <span class='ocr_line' id='line_1_26' title="bbox 217 2216 1776 2271; baseline 0 -13"><span class='ocrx_word' id='word_1_199' title='bbox 217 2219 381 2258; x_wconf 85' lang='lat' dir='ltr'>initium</span> <span class='ocrx_word' id='word_1_200' title='bbox 422 2220 545 2271; x_wconf 80' lang='lat' dir='ltr'>capit,</span> <span class='ocrx_word' id='word_1_201' title='bbox 587 2218 787 2269; x_wconf 75' lang='lat' dir='ltr'>succedit,</span> <span class='ocrx_word' id='word_1_202' title='bbox 832 2233 913 2259; x_wconf 85' lang='lat' dir='ltr'>vox</span> <span class='ocrx_word' id='word_1_203' title='bbox 947 2218 1179 2271; x_wconf 88' lang='lat' dir='ltr'>spondiaca</span> <span class='ocrx_word' id='word_1_204' title='bbox 1216 2220 1372 2270; x_wconf 69' lang='grc' dir='ltr'>(εἰπών,</span> <span class='ocrx_word' id='word_1_205' title='bbox 1406 2223 1514 2271; x_wconf 63' lang='grc' dir='ltr'><em>σιγῇ)</em></span> <span class='ocrx_word' id='word_1_206' title='bbox 1547 2216 1776 2270; x_wconf 83' lang='lat' dir='ltr'>praecedit.</span> 
     </span>
     <span class='ocr_line' id='line_1_27' title="bbox 218 2288 1774 2344; baseline -0.001 -15"><span class='ocrx_word' id='word_1_207' title='bbox 218 2289 358 2329; x_wconf 84' lang='lat' dir='ltr'>Voces</span> <span class='ocrx_word' id='word_1_208' title='bbox 405 2292 533 2330; x_wconf 78' lang='grc' dir='ltr'><em>εἰπών</em></span> <span class='ocrx_word' id='word_1_209' title='bbox 568 2296 609 2329; x_wconf 85' lang='lat' dir='ltr'>et</span> <span class='ocrx_word' id='word_1_210' title='bbox 655 2296 748 2344; x_wconf 73' lang='grc' dir='ltr'>σιγῇ</span> <span class='ocrx_word' id='word_1_211' title='bbox 792 2291 1047 2330; x_wconf 90' lang='lat' dir='ltr'>contrariam</span> <span class='ocrx_word' id='word_1_212' title='bbox 1097 2291 1347 2329; x_wconf 87' lang='lat' dir='ltr'>sententiam</span> <span class='ocrx_word' id='word_1_213' title='bbox 1394 2288 1561 2339; x_wconf 85' lang='lat' dir='ltr'>babent,</span> <span class='ocrx_word' id='word_1_214' title='bbox 1607 2302 1689 2341; x_wconf 84' lang='lat' dir='ltr'>qua</span> <span class='ocrx_word' id='word_1_215' title='bbox 1730 2301 1774 2328; x_wconf 90' lang='lat' dir='ltr'>re</span> 
     </span>
     <span class='ocr_line' id='line_1_28' title="bbox 219 2360 1774 2413; baseline -0.001 -14"><span class='ocrx_word' id='word_1_216' title='bbox 219 2362 436 2401; x_wconf 86' lang='lat' dir='ltr'>enuntiata</span> <span class='ocrx_word' id='word_1_217' title='bbox 487 2360 594 2401; x_wconf 88' lang='lat' dir='ltr'>bene</span> <span class='ocrx_word' id='word_1_218' title='bbox 648 2360 973 2413; x_wconf 82' lang='lat' dir='ltr'>distinguuntur.</span> <span class='ocrx_word' id='word_1_219' title='bbox 1049 2360 1105 2400; x_wconf 85' lang='lat' dir='ltr'>Et</span> <span class='ocrx_word' id='word_1_220' title='bbox 1149 2361 1307 2413; x_wconf 87' lang='lat' dir='ltr'>primus</span> <span class='ocrx_word' id='word_1_221' title='bbox 1354 2368 1394 2399; x_wconf 91' lang='lat' dir='ltr'>et</span> <span class='ocrx_word' id='word_1_222' title='bbox 1439 2360 1585 2399; x_wconf 87' lang='lat' dir='ltr'>tertius</span> <span class='ocrx_word' id='word_1_223' title='bbox 1631 2372 1774 2399; x_wconf 81' lang='lat' dir='ltr'>versus</span> 
     </span>
     <span class='ocr_line' id='line_1_29' title="bbox 220 2430 1775 2484; baseline -0.001 -13"><span class='ocrx_word' id='word_1_224' title='bbox 220 2446 435 2471; x_wconf 85' lang='lat' dir='ltr'>caesuram</span> <span class='ocrx_word' id='word_1_225' title='bbox 472 2431 707 2472; x_wconf 88' lang='lat' dir='ltr'>bucolicam</span> <span class='ocrx_word' id='word_1_226' title='bbox 737 2431 912 2484; x_wconf 88' lang='lat' dir='ltr'>praebet</span> <span class='ocrx_word' id='word_1_227' title='bbox 941 2433 982 2471; x_wconf 91' lang='lat' dir='ltr'>in</span> <span class='ocrx_word' id='word_1_228' title='bbox 1008 2432 1140 2471; x_wconf 87' lang='lat' dir='ltr'>altero</span> <span class='ocrx_word' id='word_1_229' title='bbox 1166 2430 1345 2471; x_wconf 81' lang='lat' dir='ltr'>disticho</span> <span class='ocrx_word' id='word_1_230' title='bbox 1372 2445 1419 2470; x_wconf 84' lang='lat' dir='ltr'>ea</span> <span class='ocrx_word' id='word_1_231' title='bbox 1442 2432 1579 2475; x_wconf 75' lang='grc' dir='ltr'><em>ανυεῗς</em></span> <span class='ocrx_word' id='word_1_232' title='bbox 1600 2431 1775 2474; x_wconf 55' lang='lat' dir='ltr'>testeam}</span> 
     </span>
     <span class='ocr_line' id='line_1_30' title="bbox 220 2500 1775 2556; baseline -0.001 -14"><span class='ocrx_word' id='word_1_233' title='bbox 220 2502 282 2542; x_wconf 90' lang='lat' dir='ltr'>bis</span> <span class='ocrx_word' id='word_1_234' title='bbox 316 2503 521 2555; x_wconf 80' lang='lat' dir='ltr'>leguntur,</span> <span class='ocrx_word' id='word_1_235' title='bbox 555 2502 684 2543; x_wconf 77' lang='lat' dir='ltr'>verba</span> <span class='ocrx_word' id='word_1_236' title='bbox 717 2502 866 2555; x_wconf 87' lang='lat' dir='ltr'>pedem</span> <span class='ocrx_word' id='word_1_237' title='bbox 900 2504 1215 2556; x_wconf 79' lang='lat' dir='ltr'>anapaesticum</span> <span class='ocrx_word' id='word_1_238' title='bbox 1242 2502 1411 2554; x_wconf 78' lang='lat' dir='ltr'>explent</span> <span class='ocrx_word' id='word_1_239' title='bbox 1435 2507 1561 2553; x_wconf 85' lang='lat' dir='ltr'>atque</span> <span class='ocrx_word' id='word_1_240' title='bbox 1585 2500 1775 2541; x_wconf 88' lang='lat' dir='ltr'>similiter</span> 
     </span>
     <span class='ocr_line' id='line_1_31' title="bbox 221 2571 1774 2626; baseline -0.001 -13"><span class='ocrx_word' id='word_1_241' title='bbox 221 2573 395 2624; x_wconf 80' lang='lat' dir='ltr'>cadunt3</span> <span class='ocrx_word' id='word_1_242' title='bbox 443 2580 484 2613; x_wconf 89' lang='lat' dir='ltr'>et</span> <span class='ocrx_word' id='word_1_243' title='bbox 527 2575 567 2613; x_wconf 89' lang='lat' dir='ltr'>in</span> <span class='ocrx_word' id='word_1_244' title='bbox 616 2575 740 2614; x_wconf 90' lang='lat' dir='ltr'>tertio</span> <span class='ocrx_word' id='word_1_245' title='bbox 787 2582 827 2614; x_wconf 89' lang='lat' dir='ltr'>et</span> <span class='ocrx_word' id='word_1_246' title='bbox 872 2575 911 2613; x_wconf 91' lang='lat' dir='ltr'>in</span> <span class='ocrx_word' id='word_1_247' title='bbox 961 2580 1111 2626; x_wconf 84' lang='lat' dir='ltr'>quarto</span> <span class='ocrx_word' id='word_1_248' title='bbox 1151 2572 1258 2626; x_wconf 86' lang='lat' dir='ltr'>pede</span> <span class='ocrx_word' id='word_1_249' title='bbox 1298 2571 1617 2625; x_wconf 84' lang='lat' dir='ltr'>monosyllabon</span> <span class='ocrx_word' id='word_1_250' title='bbox 1665 2572 1774 2612; x_wconf 86' lang='lat' dir='ltr'>elata</span> 
     </span>
     <span class='ocr_line' id='line_1_32' title="bbox 218 2644 907 2698; baseline 0.003 -15"><span class='ocrx_word' id='word_1_251' title='bbox 218 2645 354 2684; x_wconf 85' lang='lat' dir='ltr'>vocali</span> <span class='ocrx_word' id='word_1_252' title='bbox 386 2661 410 2698; x_wconf 77' lang='grc' dir='ltr'><em>η</em></span> <span class='ocrx_word' id='word_1_253' title='bbox 447 2651 639 2685; x_wconf 85' lang='lat' dir='ltr'>ornatum</span> <span class='ocrx_word' id='word_1_254' title='bbox 673 2644 907 2697; x_wconf 84' lang='lat' dir='ltr'>praecedit:</span> 
     </span>
    </p>

    <p class='ocr_par' dir='ltr' id='par_1_7' title="bbox 401 2725 1657 2995">
     <span class='ocr_line' id='line_1_33' title="bbox 401 2725 1613 2782; baseline -0.002 -15"><span class='ocrx_word' id='word_1_255' title='bbox 401 2727 477 2782; x_wconf 68' lang='grc' dir='ltr'>τήν</span> <span class='ocrx_word' id='word_1_256' title='bbox 510 2745 559 2768; x_wconf 73' lang='grc' dir='ltr'>επ</span> <span class='ocrx_word' id='word_1_257' title='bbox 592 2728 690 2780; x_wconf 70' lang='grc' dir='ltr'>εμεῖ·</span> <span class='ocrx_word' id='word_1_258' title='bbox 725 2728 879 2782; x_wconf 72' lang='grc' dir='ltr'>στηλῆν</span> <span class='ocrx_word' id='word_1_259' title='bbox 910 2725 1203 2781; x_wconf 30' lang='grc' dir='ltr'>παραλιιεῖβεοί,</span> <span class='ocrx_word' id='word_1_260' title='bbox 1236 2726 1343 2781; x_wconf 79' lang='grc' dir='ltr'><em>μήτε</em></span> <span class='ocrx_word' id='word_1_261' title='bbox 1374 2743 1426 2779; x_wconf 78' lang='grc' dir='ltr'>με</span> <span class='ocrx_word' id='word_1_262' title='bbox 1459 2728 1613 2779; x_wconf 69' lang='grc' dir='ltr'>χαΐρειν</span> 
     </span>
     <span class='ocr_line' id='line_1_34' title="bbox 473 2797 1431 2853; baseline 0.001 -15"><span class='ocrx_word' id='word_1_263' title='bbox 473 2799 635 2841; x_wconf 55' lang='lat' dir='ltr'>damus.</span> <span class='ocrx_word' id='word_1_264' title='bbox 668 2798 766 2853; x_wconf 68' lang='grc' dir='ltr'>μήθ</span> <span class='ocrx_word' id='word_1_265' title='bbox 799 2801 917 2845; x_wconf 57' lang='lat' dir='ltr'>(mdc,</span> <span class='ocrx_word' id='word_1_266' title='bbox 940 2797 949 2853; x_wconf 58' lang='lat' dir='ltr'>ll</span> <span class='ocrx_word' id='word_1_267' title='bbox 971 2798 1035 2853; x_wconf 84' lang='grc' dir='ltr'><em>μῆ</em></span> <span class='ocrx_word' id='word_1_268' title='bbox 1064 2798 1065 2839; x_wconf 64' lang='lat' dir='ltr'>J</span> <span class='ocrx_word' id='word_1_269' title='bbox 1090 2815 1197 2843; x_wconf 76' lang='grc' dir='ltr'><em>τινος</em></span> <span class='ocrx_word' id='word_1_270' title='bbox 1231 2797 1431 2844; x_wconf 43' lang='lat' dir='ltr'>&amp;manaa</span> 
     </span>
     <span class='ocr_line' id='line_1_35' title="bbox 402 2867 1657 2925; baseline -0.001 -17"><span class='ocrx_word' id='word_1_271' title='bbox 402 2869 431 2923; x_wconf 78' lang='grc' dir='ltr'><em>ἦ</em></span> <span class='ocrx_word' id='word_1_272' title='bbox 464 2886 525 2923; x_wconf 73' lang='grc' dir='ltr'>μη</span> <span class='ocrx_word' id='word_1_273' title='bbox 560 2869 643 2923; x_wconf 79' lang='grc' dir='ltr'>τήν</span> <span class='ocrx_word' id='word_1_274' title='bbox 676 2871 832 2918; x_wconf 85' lang='grc' dir='ltr'><em>ανυεῖς</em></span> <span class='ocrx_word' id='word_1_275' title='bbox 862 2869 1064 2917; x_wconf 83' lang='grc' dir='ltr'><em>τελεσαῖς</em></span> <span class='ocrx_word' id='word_1_276' title='bbox 1097 2867 1230 2925; x_wconf 46' lang='lat' dir='ltr'>odori·</span> <span class='ocrx_word' id='word_1_277' title='bbox 1276 2868 1331 2923; x_wconf 74' lang='grc' dir='ltr'>ἦν</span> <span class='ocrx_word' id='word_1_278' title='bbox 1367 2869 1410 2908; x_wconf 66' lang='lat' dir='ltr'>of</span> <span class='ocrx_word' id='word_1_279' title='bbox 1441 2867 1657 2920; x_wconf 65' lang='grc' dir='ltr'><em>παρέλθης</em></span> 
     </span>
     <span class='ocr_line' id='line_1_36' title="bbox 474 2939 1444 2995; baseline -0.001 -15"><span class='ocrx_word' id='word_1_280' title='bbox 474 2939 604 2995; x_wconf 42' lang='grc' dir='ltr'><em>σῖγηξ,</em></span> <span class='ocrx_word' id='word_1_281' title='bbox 637 2940 729 2995; x_wconf 75' lang='grc' dir='ltr'>μήὸ</span> <span class='ocrx_word' id='word_1_282' title='bbox 762 2940 895 2985; x_wconf 67' lang='grc' dir='ltr'>ουτῶς</span> <span class='ocrx_word' id='word_1_283' title='bbox 919 2940 932 2995; x_wconf 82' lang='grc' dir='ltr'>Η</span> <span class='ocrx_word' id='word_1_284' title='bbox 956 2940 1012 2994; x_wconf 79' lang='grc' dir='ltr'>ἦν</span> <span class='ocrx_word' id='word_1_285' title='bbox 1045 2940 1200 2988; x_wconf 84' lang='grc' dir='ltr'><strong><em>ανυεῖς</em></strong></span> <span class='ocrx_word' id='word_1_286' title='bbox 1231 2939 1444 2987; x_wconf 83' lang='grc' dir='ltr'><strong><em>τελεσαῖς.</em></strong></span> 
     </span>
    </p>
   </div>
  </div>
 </body>
</html>
