2028 3533
809 303 1098 341 —63-

177 419 316 473 gesch.
345 419 382 460 d.
412 419 564 472 griech.
594 418 757 469 ssukol„
798 432 835 470 p.
869 420 951 458 114
967 420 1087 471 sqq.).
1156 418 1275 458 Inter
1313 432 1405 471 epp.
1445 421 1527 458 657
1561 426 1601 460 et
1635 421 1729 472 665,

178 504 284 543 quae
338 489 553 530 Leonidae
600 488 830 529 Tarentino
876 495 990 539 sunt,
1046 489 1244 529 nonnulla
1293 489 1498 541 carmina,
1552 503 1730 542 quorum

177 562 357 614 primum
396 560 514 613 (658)
556 559 783 599 Theocrito
823 558 1093 599 tribuendum
1135 565 1214 609 est,
1260 561 1399 612 posita
1439 566 1546 602 sunt.
1609 560 1730 601 Post-

177 645 300 684 quam
341 631 526 670 lemmati
567 630 762 670 carminis
797 632 879 670 658
922 643 1073 670 nomen
1108 629 1327 671 Tarentini
1368 630 1614 671 adiunctum
1655 636 1729 683 est,

175 702 373 742 lemmata
406 702 669 753 sequentium
706 701 1056 753 epigrammatum
1081 715 1130 741 ex
1155 700 1329 741 arbitrio
1354 702 1413 742 ita
1436 709 1599 742 mutata
1621 707 1729 754 sunt,

176 778 221 812 ut
254 770 445 813 omnibus
479 772 519 811 in
545 770 799 812 carminibus
823 779 972 811 auctor
994 771 1268 825 inquirendus
1293 773 1357 815 sit.
1409 770 1504 825 Qua
1527 772 1578 813 de
1603 786 1730 813 causa

177 841 244 895 G.‚
278 844 348 896 qui
382 843 521 882 stilum
557 847 774 895 artemque
807 843 1026 882 metricam
1061 842 1279 883 Leonidae
1313 842 1535 884 Tarentini
1567 845 1607 884 in
1643 845 1728 897 epi-

173 914 416 966 grammatis
475 914 651 953 inveniri
711 927 834 966 posse
893 919 1035 966 negat,
1095 915 1237 954 omnia
1294 914 1366 954 illa
1426 915 1730 967 epigrammata

175 986 417 1025 658-664
446 998 469 1024 a
503 983 733 1025 Tarentino
768 983 1038 1025 abiudicavit.
1102 983 1186 1026 Sed
1221 992 1266 1025 ut
1298 986 1339 1025 in
1364 985 1455 1025 VH
1485 988 1568 1026 662
1595 987 1655 1025 ita
1686 986 1727 1026 in

174 1056 265 1096 aliis
319 1056 650 1108 epigrammatis,
709 1069 817 1109 quae
871 1055 1148 1096 Tarentinum
1203 1057 1491 1109 composuisse
1550 1062 1728 1108 constat,

173 1140 315 1166 versus
348 1126 462 1167 facit.
517 1126 601 1180 (De
628 1128 748 1167 initio
771 1141 915 1167 versus
940 1128 1075 1180 quinti
1103 1127 1154 1168 cf.
1177 1141 1216 1180 p.
1242 1129 1324 1181 25.)
1380 1125 1526 1169 Genus
1560 1126 1729 1168 dicendi

172 1199 300 1238 etiam
324 1197 555 1238 Tarentino
578 1199 795 1251 proprium
819 1193 910 1238 esse
933 1198 1034 1238 mihi
1058 1198 1243 1247 videtum
1273 1213 1368 1239 nam
1393 1200 1486 1239 voci
1508 1199 1729 1240 ποθέουσα

174 1274 227 1321 (v.
252 1269 294 1322 3)
329 1268 477 1309 eadem
509 1270 551 1309 in
586 1268 684 1309 sede
718 1283 861 1309 versus
897 1271 1030 1323 quinti
1062 1271 1262 1310 παθοῦσα
1295 1269 1543 1323 respondet,
1585 1270 1727 1310 nescio

171 1353 223 1379 an
265 1339 474 1380 adiectivo
513 1340 649 1393 τελεῆς
682 1339 799 1393 (nam
838 1340 881 1380 id
914 1340 1138 1393 legendum
1173 1355 1263 1381 esse
1299 1340 1628 1382 Stadtmuellero
1662 1354 1727 1381 as-

172 1411 347 1464 sentior)
389 1411 545 1464 ἤλικιῆς
591 1412 736 1452 similis
776 1413 867 1452 soni
911 1425 1039 1452 causa
1078 1411 1296 1461 succedam
1343 1418 1388 1451 ut
1432 1426 1520 1452 rem
1563 1413 1727 1452 tristem

172 1495 275 1522 sono
309 1483 517 1535 pingeret,
558 1491 706 1523 auctor
743 1484 784 1523 in
819 1497 939 1523 versu
975 1483 1108 1523 altero
1141 1483 1308 1524 vocales
1343 1500 1367 1537 η
1402 1497 1527 1536 saepe
1566 1484 1725 1537 posuit,

170 1551 426 1593 adiectivum
456 1554 608 1607 ὁειλαίη
633 1554 848 1607 eleganter
869 1555 910 1594 in
936 1555 1143 1607 principio
1166 1568 1311 1595 versus
1336 1556 1449 1595 tertii
1473 1555 1727 1595 collocatum

169 1632 246 1664 est.
310 1621 474 1677 Quibus
509 1639 530 1665 e
565 1626 703 1665 causis
729 1625 819 1665 VH
843 1627 927 1667 662
962 1624 1180 1665 Leonidae
1215 1625 1448 1666 Tarentino
1482 1624 1633 1666 tribuo.
