2028 3533
203 460 350 487 versus
407 447 518 500 apud
575 446 807 488 Leonidam
867 451 1146 501 reperiuntur:
1216 450 1305 491 ΥΠ
1353 453 1453 503 662,
1501 455 1523 492 6
1582 453 1744 505 δαίμων

204 517 273 570 (cf.
289 517 381 557 ΥΠ
400 519 495 569 665,
519 518 573 571 5),
598 521 692 564 662,
718 520 740 557 6
768 520 871 571 θῆκε
895 519 1004 566 (VII
1029 523 1123 572 665,
1147 522 1200 573 8),
1224 523 1473 574 γευσάμενος
1491 522 1580 562 ΥΠ
1604 526 1697 573 662,
1715 526 1741 563 4.

204 586 272 641 (cf.
297 587 359 626 ΥΙ
395 590 489 639 302,
524 590 547 627 6
589 589 846 642 γείνόμενος);
882 589 971 629 ΥΠ
999 593 1091 632 662,
1126 595 1148 631 3
1182 592 1399 632 ποθέουσα
1432 591 1516 645 (ΥΙ
1552 595 1644 644 131,
1678 597 1742 647 3);

202 671 237 698 v.
266 661 292 697 4
326 659 735 710 ἀστόργου-θανάτου
782 659 850 707 (cf.
875 659 966 699 VII
996 664 1091 701 472.
1127 665 1149 701 6
1197 663 1587 714 ἐχθροῦ-θανάτου).
1661 662 1741 703 ΡΟ-

204 733 403 768 stremum
426 727 597 768 verbum
621 730 753 782 ὤχετο
778 736 818 769 et
838 731 877 769 in
902 730 990 770 ΥΠ
1011 735 1104 782 662,
1125 734 1144 771 1
1170 739 1208 771 et
1235 734 1275 771 in
1292 732 1383 772 ΥΠ
1402 735 1496 785 504,
1513 736 1536 772 8
1558 733 1743 785 legimus.

202 797 352 851 Neque
381 813 401 838 e
429 812 531 839 voce
565 800 737 851 δαίμων,
771 814 877 852 quae
905 814 985 840 non
1014 801 1137 841 modo
1164 803 1204 841 in
1226 802 1317 842 ΥΠ
1341 805 1434 854 665,
1459 805 1481 842 5
1511 802 1583 843 sed
1616 804 1742 843 etiam

202 870 243 908 in
268 868 308 907 V
327 871 421 920 187,
452 872 474 908 5
521 868 633 921 apud
678 868 912 910 Leonidam
956 872 1173 924 invenitur,
1219 886 1352 924 neque
1395 887 1415 912 e
1453 872 1579 913 verbo
1623 874 1742 925 θῆκε,

205 939 318 992 quod
352 940 394 979 in
420 939 559 979 forma
585 941 747 993 θήκατο
785 942 825 979 in
850 939 916 980 VI
939 944 1032 992 205,
1059 944 1109 981 10
1149 955 1314 994 quoque
1346 943 1577 994 revertitur,
1610 957 1744 995 neque

203 1024 224 1049 e
247 1009 374 1050 verbo
399 1011 602 1063 γεύεσθαι,
626 1010 738 1063 quod
761 1011 802 1050 in
826 1011 959 1051 forma
984 1013 1192 1064 participii
1218 1014 1446 1064 praesentis
1464 1014 1504 1052 in
1522 1012 1588 1052 VI
1608 1015 1700 1065 120,
1715 1015 1743 1052 4

204 1094 370 1132 quoque
403 1081 565 1133 legitur,
599 1082 822 1133 quicquam
858 1081 994 1133 colligi
1027 1088 1176 1134 potest.
1231 1080 1494 1135 Quamquam
1527 1084 1742 1135 genetivus

203 1150 452 1191 substantivi
479 1152 661 1197 ’θάνατος
688 1165 891 1204 nusquam
919 1154 1122 1204 reperitur
1149 1155 1224 1193 nisi
1252 1155 1291 1193 in
1312 1153 1404 1193 ΥΠ
1426 1158 1522 1206 472,
1546 1156 1583 1205 6,
1612 1155 1742 1194 nomi-

204 1223 388 1262 nativum
421 1223 461 1261 in
481 1221 573 1262 VH
594 1224 687 1273 731,
708 1225 751 1271 2;
777 1222 842 1262 ΥΙ
863 1225 955 1275 131,
973 1227 999 1263 4
1033 1223 1197 1275 (eodem
1229 1224 1321 1263 loco
1349 1225 1509 1278 versus)
1543 1226 1743 1276 scriptum

203 1291 421 1333 habemus.¹
510 1292 615 1334 Cum
674 1294 922 1346 repetitione
981 1294 1093 1334 verbi
1152 1296 1334 1347 εὔχεσθαι
1395 1296 1561 1335 iteratio
1618 1308 1745 1347 supra

204 1370 534 1403 commemorata
576 1363 692 1403 verbi
738 1365 901 1404 ὀλλύναι
947 1364 1250 1417 (V11‹565,3;
1297 1368 1391 1417 503,
1425 1366 1468 1418 4)
1508 1366 1743 1417 comparari

202 1440 352 1486 potest.
434 1433 584 1474 Restat
627 1435 754 1485 igitur
797 1436 1062 1487 participium
1107 1436 1333 1486 ποθέουσα,
1382 1434 1493 1487 quod
1540 1448 1741 1487 nusquam

203 1503 316 1556 apud
357 1503 589 1544 Leonidam
631 1503 749 1544 nobis
795 1507 975 1545 occurrit
1019 1506 1094 1544 nisi
1137 1507 1175 1544 in
1209 1519 1329 1544 versu
1363 1519 1386 1544 a
1419 1504 1743 1546 Stadtmuellero

206 1575 334 1614 citato
369 1574 453 1627 (VI
485 1577 578 1624 131,
609 1578 632 1615 3
673 1577 796 1615 etiam
838 1583 932 1627 post
974 1574 1151 1626 verbum,
1191 1574 1302 1627 quod
1341 1574 1566 1614 molossum
1605 1574 1745 1627 explet

205 1646 427 1699 ὃὲὄμηνται
452 1662 504 1691 π.,
533 1646 684 1699 ὁειλαίη
711 1652 783 1699 π.).
837 1644 920 1686 Sed
948 1645 1115 1685 verbum
1146 1646 1375 1698 ἐστυφέλιξε
1403 1643 1580 1684 eundem
1605 1645 1743 1684 locum

204 1730 396 1756 versuum
420 1715 512 1755 ΥΠ
536 1719 630 1767 665,
654 1719 679 1755 4
713 1723 754 1756 et
776 1716 840 1756 ΥΙ
865 1719 929 1757 35.
953 1719 979 1755 4
1012 1716 1160 1768 explet,
1195 1722 1369 1767 utroque
1402 1717 1441 1754 in
1470 1728 1590 1754 versu
1622 1728 1743 1754 accu-

205 1788 361 1827 sativus
407 1788 521 1827 vocis
566 1786 771 1826 iambicae
823 1788 1020 1839 sequitur,
1071 1785 1320 1825 adiectivum
1372 1785 1482 1837 quod
1535 1799 1626 1824 cum
1670 1785 1743 1824 illo

205 1856 467 1898 substantivo
501 1856 681 1897 iambico
716 1857 1051 1909 coniungentium
1085 1865 1156 1897 est.
1189 1855 1418 1909 praecedit:

557 1931 682 1968 10οἶ
717 1928 858 1981 κοιλῆν
887 1927 891 1982 Ι
922 1927 1175 1980 ἕστυφελῗξεν
1207 1926 1294 1967 aaa.

557 2001 649 2039 100
682 1998 902 2052 αἴμωποῦς
930 1999 933 2052 ᾖ
964 1998 1191 2050 ἔστυῳελῖξε
1223 1996 1384 2041 λυκοῦς.

206 2081 410 2133 Alioquin
450 2080 620 2121 verbum
669 2081 780 2133 apud
826 2079 1057 2120 Leonidam
1104 2092 1183 2118 nou
1230 2080 1446 2118 invenitur.
1509 2076 1743 2117 Leonidam

205 2165 287 2192 uno
321 2153 360 2191 in
396 2153 697 2204 epigrammate
726 2152 959 2203 complures
988 2163 1122 2200 voces,
1147 2163 1248 2201 quas
1277 2149 1357 2188 alio
1381 2149 1420 2187 in
1446 2149 1744 2200 epigrammate

204 2225 286 2263 iam
332 2224 372 2262 in
419 2222 567 2262 eadem
612 2223 710 2262 sede
755 2221 962 2269 adhibuit,
1009 2226 1195 2272 repetere
1235 2234 1255 2258 e
1288 2218 1376 2258 ΥΠ
1407 2221 1487 2257 665
1534 2217 1743 2259 discimus.

205 2292 355 2346 Neque
395 2294 627 2346 ἐστυφέλιξε
667 2306 800 2345 neque
839 2293 966 2331 ὤλεσε
999 2291 1079 2330 alio
1113 2291 1152 2329 in
1186 2303 1305 2329 versu
1340 2289 1559 2328 revertitur
1592 2289 1669 2327 nisi
1700 2289 1742 2327 in

206 2363 298 2404 ΥΠ
322 2366 422 2415 665,
458 2366 484 2403 4
520 2363 584 2403 ΥΙ
621 2367 693 2414 35,
727 2366 773 2413 4;
808 2362 899 2402 ΥΠ
923 2363 1017 2411 665,
1043 2365 1064 2400 3
1093 2360 1180 2399 ΥΠ
1205 2362 1306 2410 503,
1340 2361 1385 2408 4;
1420 2357 1569 2397 deinde
1605 2357 1654 2398 cf.
1690 2357 1743 2397 ad

206 2434 368 2485 ἇθροον
401 2434 454 2487 (v.
478 2435 520 2488 4)
556 2434 694 2487 ἄθροα
726 2435 765 2473 in
792 2432 857 2472 ΥΙ
882 2435 982 2482 221,
1007 2434 1049 2481 33
1092 2430 1143 2469 ad
1179 2431 1338 2482 ὁαίμων
1372 2430 1422 2482 (v.
1453 2430 1494 2481 5)
1527 2429 1549 2468 ὁ
1583 2429 1744 2480 δαίμων

205 2506 247 2545 in
275 2505 313 2543 Υ
342 2507 434 2557 187,
464 2507 510 2555 5;
549 2504 602 2545 ad
642 2509 805 2557 τρηχεῖα
843 2504 1033 2543 ’θάλασσα
1072 2502 1124 2546 (v.
1150 2504 1188 2553 7)
1228 2504 1437 2552 τετρηχυῖα
1475 2499 1664 2539 θάλασσα
1702 2499 1742 2537 in

206 2575 300 2615 VII
331 2577 431 2622 283,
470 2577 512 2625 13
546 2574 598 2615 ad
633 2576 681 2615 ἐπ
714 2574 919 2626 αἰγιαλούς
951 2572 1004 2625 (v.
1028 2574 1070 2625 8)
1105 2572 1146 2610 ἓν
1179 2571 1347 2622 αἰγιαλῷ
1379 2570 1418 2608 in
1454 2568 1543 2608 ΥΙΙ
1572 2571 1672 2618 652,
1707 2570 1745 2619 6,

207 2644 275 2685 ubi
309 2659 389 2685 vox
423 2645 569 2685 eadem
604 2647 642 2685 in
676 2644 773 2685 sede
796 2645 956 2694 legitur.
1010 2642 1158 2693 [taque
1183 2639 1413 2680 Leonidam
1441 2638 1531 2677 ΥΠ
1556 2641 1636 2679 662
1661 2652 1743 2677 non

208 2717 494 2768 composuisse
541 2730 561 2755 e
607 2714 758 2755 talibus
804 2711 1120 2766 repetitionibus
1167 2710 1302 2762 colligi
1349 2723 1428 2749 non
1474 2715 1621 2761 potest.
1683 2707 1746 2747 At

208 2799 375 2826 carmen
421 2787 461 2825 in
509 2785 654 2825 ordine
700 2784 876 2824 dubioso
913 2782 1003 2821 ΥΠ
1041 2783 1286 2824 658-664,
1333 2781 1401 2831 qui
1447 2780 1485 2818 in
1533 2777 1744 2817 Theocriti

209 2855 424 2896 codicibus
459 2870 627 2908 quoque
661 2856 820 2906 legitur,
854 2854 1051 2905 scriptum
1086 2861 1292 2899 tenemus,
1327 2849 1377 2889 dc
1411 2862 1490 2902 quo
1525 2847 1669 2888 ordine
1693 2846 1744 2888 G.

208 2928 263 2979 (p.
290 2930 428 2979 lOsq.)
463 2936 575 2966 recte
609 2925 857 2965 iudicavisse
892 2923 990 2963 mihi
1025 2921 1187 2961 videtur
1220 2919 1596 2970 (cf.WilamowitZ,
1620 2917 1745 2957 Text-

1495 2989 1535 3020 5*
