2028 3533
925 332 1214 369 -12—

288 448 454 490 Deinde
496 448 728 488 Leonidam
770 448 809 486 in
839 446 925 486 VH
963 450 1010 485 13
1046 446 1138 499 (24)
1180 446 1474 499 componendo
1500 447 1589 488 VII
1627 451 1675 488 11
1715 446 1847 490 Samii

287 518 530 559 adhibuisse
566 516 616 560 G.
652 525 787 570 putat:
829 516 901 556 sed
943 518 1258 569 epigrammata,
1299 531 1406 569 quae
1448 517 1498 557 de
1540 518 1701 558 Erinna
1739 525 1846 571 sunt,

286 599 327 629 et
363 591 400 629 iu
442 589 577 628 forma
613 596 653 627 et
686 589 724 627 in
766 594 1014 639 argumento
1049 588 1170 639 longe
1205 587 1383 638 distant;
1419 602 1585 628 carmen
1630 588 1846 630 Leonidae

285 675 331 700 se
356 661 520 699 titulum
547 659 835 711 sepulcralem.
871 660 1130 711 epigramma
1154 659 1440 712 Asclepiadae
1475 674 1517 701 se
1551 661 1719 700 titulum
1751 659 1847 700 libri
1897 655 1909 668 ⁹

281 745 377 770 ⁴esse
412 730 591 771 simulat.
649 729 722 768 llle
759 736 918 769 narrat:
956 731 1129 781 poetria.
1164 744 1288 782 quam
1325 730 1448 771 Pluto
1483 745 1624 771 secum
1659 730 1847 783 abduxit,

286 801 391 841 haec
425 799 552 840 verba
586 801 704 840 fecit:
753 799 928 840 Invidus
964 814 1017 850 es,
1059 815 1081 840 o
1121 800 1261 851 Plut03
1303 801 1414 854 apud
1452 802 1561 842 hunc
1600 801 1705 842 liber
1745 801 1847 842 dicit

285 886 331 912 se
359 885 534 924 parvum
563 871 635 911 sed
663 884 833 922 gravem
863 872 1168 924 (δυνατώτερον
1194 873 1361 912 πολλῶν
1394 875 1563 926 ἑτέρων)
1592 887 1682 914 esse
1712 887 1846 926 neque

288 956 438 982 nomen
476 943 674 994 poetriae,
709 943 741 981 si
777 941 932 982 diutius
966 943 1150 993 vixisset,
1192 957 1389 995 umquam
1424 945 1613 996 superari
1645 945 1846 996 potuisse.

289 1012 439 1053 Utrum
465 1012 745 1065 Asclepiades
770 1027 821 1052 an
846 1011 1061 1053 Leonidas
1085 1014 1200 1066 prior
1224 1015 1528 1066 epigrammata
1551 1015 1592 1054 in
1619 1016 1845 1068 scriptores

285 1084 467 1123 illustres
514 1090 585 1123 aut
630 1084 670 1123 in
718 1083 895 1124 artificia
942 1085 1244 1136 composuerit,
1296 1083 1518 1125 diiudicari
1569 1099 1648 1125 non
1695 1092 1846 1138 potest.

285 1154 438 1207 Itaque
459 1152 710 1195 Geffckenio
733 1154 1048 1195 assentiendum
1075 1168 1155 1195 non
1182 1163 1255 1206 est,
1275 1155 1387 1208 quod
1408 1154 1637 1196 Tarentino
1657 1154 1847 1197 Samium

280 1226 478 1278 exemplo
512 1225 642 1266 fuisse
676 1224 832 1267 scribit.
878 1280 887 1285 ς

404 1296 746 1349 Descriptionem
793 1302 967 1337 naturae
1013 1296 1155 1350 Anyte
1202 1298 1352 1350 prima,
1399 1297 1511 1350 quod
1559 1299 1757 1350 sciamus,
1803 1299 1843 1339 in

281 1368 592 1420 epigrammata
614 1367 788 1409 inducit.
832 1367 944 1408 Nam
967 1370 1192 1421 praecipue
1217 1370 1532 1421 epigrammatis
1550 1367 1622 1409 IX
1647 1372 1742 1420 313,
1763 1372 1847 1412 314

284 1437 402 1478 XVI
428 1441 522 1489 ⁶228,
567 1438 637 1479 ubi
676 1440 813 1480 viator
857 1438 1119 1487 admonetur,
1167 1445 1211 1479 ut
1251 1454 1271 1479 e
1310 1439 1428 1480 fonte
1468 1438 1584 1480 bibat
1629 1447 1757 1493 atque
1803 1454 1846 1481 se

284 1508 457 1561 reficiat,
504 1517 545 1549 et
591 1511 893 1563 epigrammate
932 1510 1050 1550 XVI
1079 1514 1172 1562 231,
1218 1511 1258 1550 iu
1299 1524 1381 1564 quo
1422 1510 1510 1551 Pan
1550 1512 1846 1564 interrogatus,

280 1579 559 1634 quamobrem
599 1582 639 1621 in
675 1582 779 1621 silva
820 1581 1016 1622 umbrosa
1051 1583 1164 1622 solus
1204 1581 1309 1638 tibia
1341 1589 1522 1633 caneret,
1560 1596 1728 1635 gregem
1763 1596 1845 1623 non

282 1652 430 1702 procul
472 1653 589 1705 pasci
625 1652 865 1705 respondet,
905 1654 939 1693 is
981 1654 1051 1706 qui
1089 1654 1190 1705 legit
1236 1659 1536 1705 commovetur.
1576 1660 1620 1693 ut
1659 1654 1847 1694 carmina

285 1729 426 1775 partes
474 1722 691 1764 bucolicae
737 1726 877 1777 poesis
924 1730 1054 1777 putet.
1137 1723 1263 1778 Quod
1311 1725 1661 1777 epigrammatum
1713 1738 1845 1777 genus

282 1794 426 1834 multis
450 1795 586 1847 poetis
610 1796 835 1836 imitationi
858 1795 989 1836 fuisse
1008 1796 1296 1836 Reitzenstein
1318 1795 1580 1849 (Epigramm
1601 1809 1637 1835 u.
1657 1793 1846 1848 Skolion,

280 1862 448 1905 Giessen
493 1868 603 1905 1893
637 1880 675 1919 p.
704 1869 783 1907 123
803 1867 911 1921 sqq.)
963 1868 1220 1919 argumentis
1272 1872 1385 1906 recte
1439 1865 1713 1906 confirmavit.
1793 1865 1845 1906 In

279 1936 588 1988 epigrammata
623 1944 798 1978 naturae
833 1937 1158 1991 descriptionem
1192 1939 1377 1978 inserere
1410 1944 1562 1990 poetae
1597 1937 1847 1977 hellenistici

282 2020 366 2047 non
414 2006 676 2048 dubitabant.
752 2008 897 2049 Veluti
936 2010 976 2048 in
1019 2008 1236 2049 Leonidae
1277 2010 1579 2062 epigrammate
1624 2007 1670 2048 X
1699 2012 1718 2048 1
1755 2009 1846 2062 (50)

284 2076 475 2131 Priapus,
504 2080 574 2131 qui
599 2081 736 2120 nautis
765 2079 926 2131 suadet,
955 2086 998 2119 ut
1020 2094 1117 2120 vere
1144 2094 1258 2120 mare
1287 2079 1624 2130 transvebantur‚
1648 2086 1846 2119 accurate

280 2150 469 2202 exponit,
489 2149 702 2202 quomodo
723 2165 793 2191 ver
811 2152 851 2190 in
872 2157 1146 2204 conspectum
1165 2151 1305 2190 veniat
1328 2151 1380 2205 (v,
1400 2152 1541 2204 1—6).
1580 2149 1846 2203 Tarentinus,

280 2233 379 2259 cum
412 2221 451 2260 in
488 2222 558 2261 illo
593 2223 777 2262 carmine
812 2222 971 2262 nullum
1006 2230 1165 2262 certum
1205 2235 1356 2274 poema
1391 2221 1560 2275 Anytae
1598 2222 1846 2273 imitaretur,

280 2292 325 2330 in
366 2290 439 2331 IX
473 2295 555 2333 326
592 2293 682 2345 (54)
722 2293 893 2346 Anytae
933 2292 1158 2333 XV1291
1201 2293 1419 2346 expressit.
1487 2291 1619 2345 Apud
1657 2291 1845 2345 Anytam

281 2360 534 2403 Theudotus
567 2370 713 2416 pastor
745 2363 852 2404 Pani
882 2363 1174 2417 Nymphisque
1208 2363 1365 2403 donum
1399 2362 1580 2414 dedicat,
1615 2363 1714 2416 quia
1746 2363 1845 2403 solis

281 2432 508 2473 ardoribus
553 2434 712 2475 fessum
753 2449 862 2488 aqua
903 2448 1068 2488 semper
1106 2433 1367 2476 recreabant.
1437 2433 1567 2486 Apud
1609 2432 1845 2474 Leonidam

282 2502 540 2556 Aristocles,
587 2513 814 2559 postquam
861 2506 954 2546 loca
1002 2507 1140 2546 vicina
1187 2505 1401 2556 salutavit,
1453 2503 1662 2558 Nymphis
1716 2503 1845 2544 fontis

285 2576 482 2627 poculum
513 2575 596 2628 dat,
631 2591 651 2616 e
680 2591 762 2630 quo
791 2578 901 2617 sitim
931 2591 1058 2630 saepe
1087 2576 1281 2629 explevit.
1334 2576 1384 2616 In
1409 2575 1477 2616 VI
1501 2578 1584 2617 334
1610 2575 1696 2628 (53)
1720 2583 1846 2628 poeta

281 2647 501 2699 exemplar
525 2646 728 2688 dilatavit.
771 2647 1080 2701 Neoptolemus
1103 2649 1282 2700 primum
1309 2653 1502 2687 naturam
1527 2647 1676 2699 (antra,
1705 2646 1846 2685 lucum

283 2715 590 2770 Nympharum,
630 2718 781 2771 fontes,
822 2720 998 2772 pinum),
1035 2718 1187 2759 deinde
1222 2718 1477 2758 Mercurium
1519 2723 1645 2770 atque
1684 2716 1844 2757 Panem

282 2788 455 2828 invocat
488 2795 527 2828 et
561 2788 612 2829 ab
649 2789 841 2830 omnibus
876 2791 992 2843 petit,
1026 2798 1070 2829 ut
1104 2789 1217 2830 dona
1251 2788 1429 2841 benigne
1459 2789 1682 2840 accipiant.
1736 2786 1844 2828 Leo-

288 2857 428 2898 nidam
463 2860 503 2899 in
538 2859 725 2900 versibus
758 2864 869 2900 1—4
897 2859 1200 2913 componendis
1229 2859 1365 2900 verbis
1398 2858 1625 2911 fragmenti
1658 2858 1846 2898 vicesimi

284 2926 518 2969 Simonidis
553 2930 775 2983 Amorgini
810 2931 880 2971 ubi
915 2931 1108 2983 legimus:
