2028 3533
930 371 1216 408 —18—

303 489 627 542 Aristophanem
664 489 745 527 iam
779 487 966 526 homines
999 499 1149 538 vespae
1183 487 1462 535 nominantur,
1492 499 1584 524 nam
1617 487 1656 525 in
1686 485 1849 525 Achar-

301 561 489 600 iwnsium
532 572 650 598 versu
693 560 775 597 864
824 556 1096 608 Dicaeopolis
1142 555 1345 596 Boeotum
1393 563 1518 608 atquc
1564 569 1705 596 servos
1752 557 1852 607 eius,

297 632 370 682 qui
417 630 710 679 tumultantur,
757 628 813 667 ita
859 627 1104 678 alloquitur:
1158 628 1197 666 οἷ
1235 632 1393 680 σφῆκες
1431 627 1508 666 οὐκ
1554 627 1636 667 ἀπὸ
1682 628 1850 678 Υι’)ὴ)ρ(ῐ’)ν;

301 701 453 752 Itaque
478 698 690 739 Leonidas
726 712 858 750 neque
883 694 931 737 ‘in
962 697 1097 737 forma
1129 711 1262 750 neque
1295 698 1334 737 in
1364 707 1610 749 argumento
1637 698 1852 749 utriusque

299 771 612 823 epigrammatis
653 767 908 808 carminibus
950 766 1198 808 Callimachi
1240 781 1338 808 usus
1378 775 1451 817 est,
1493 774 1638 808 contra
1672 767 1853 808 fortasse

299 840 585 882 Callimachus
634 838 866 879 Leonidam
913 839 952 878 in
1001 841 1084 879 318
1131 852 1328 891 superare
1369 838 1541 889 studuit,
1587 838 1656 878 ubi
1702 837 1851 878 Timon

300 913 488 952 homines
524 925 604 951 non
639 912 719 950 iam
755 908 934 950 devovet
961 909 1032 949 sed
1063 923 1133 950 eos
1158 912 1216 949 ita
1240 909 1339 960 odit,
1375 916 1418 949 ut
1442 911 1528 949 eius
1554 909 1654 948 nihil
1679 910 1854 959 intersit,

301 990 437 1023 utrum
478 982 653 1022 salutem
695 980 839 1020 dicant
873 994 1013 1020 necne.
1078 980 1127 1020 In
1164 982 1348 1020 carmine
1384 982 1464 1020 317
1501 993 1669 1032 quoquc
1702 979 1852 1020 Timon

301 1053 482 1093 nobilior
520 1058 593 1103 est,
634 1053 733 1104 quia
768 1052 921 1091 nemini
956 1052 1062 1091 male
1098 1057 1304 1104 precatur,
1345 1064 1438 1090 cum
1473 1049 1584 1103 apud
1621 1049 1854 1090 Leonidam

301 1137 466 1176 semper
497 1122 735 1162 maledicat.

410 1193 644 1234 Leonidam
661 1194 700 1232 in
719 1194 903 1233 carmine
914 1192 978 1232 VI
995 1195 1075 1233 211
1095 1193 1200 1246 (41),
1217 1194 1281 1232 cui
1300 1192 1547 1233 Callimachi
1564 1191 1682 1232 XIII
1703 1194 1756 1231 24
1772 1194 1856 1242 (38)

301 1265 492 1317 exemplo
528 1264 663 1314 suerit,
697 1264 974 1304 imitationem
1010 1262 1214 1315 „bracteis
1249 1263 1478 1303 confectis“
1511 1263 1648 1303 celare
1688 1261 1857 1302 studere

302 1335 354 1377 G.
388 1334 533 1375 scribit
566 1334 621 1387 (p.
648 1335 730 1389 77).
796 1332 1061 1387 Quamquam
1099 1333 1347 1375 Callimachi
1382 1348 1532 1386 poema
1565 1335 1605 1374 in
1641 1332 1858 1374 codicibus

301 1406 579 1459 depravatum
626 1412 699 1456 est,
745 1406 1009 1445 meretricem
1044 1405 1201 1445 Veneri
1247 1405 1484 1458 complures
1525 1418 1601 1455 res,
1647 1419 1667 1444 e
1708 1403 1883 1456 quibus·

301 1479 467 1530 pictura
507 1477 748 1527 meretricis,
796 1477 948 1527 taenia,
995 1475 1145 1516 bacula
1190 1477 1303 1529 (nam
1349 1475 1391 1515 id
1438 1477 1628 1527 θάρσους
1666 1482 1778 1515 recte
1818 1476 1858 1514 in

301 1550 490 1600 θύρσους
523 1548 760 1587 coniectum
792 1561 882 1587 esse
907 1547 1007 1587 mihi
1032 1546 1210 1597 videtur)
1233 1547 1417 1598 intellegi
1442 1553 1629 1598 possunt,
1664 1545 1860 1586 dedicare

302 1626 498 1672 apparetg
523 1632 657 1671 neque
683 1632 809 1658 causa
833 1617 1113 1658 dedicationis
1134 1617 1429 1669 cognoscenda
1449 1624 1510 1657 est
1530 1631 1664 1670 neque
1683 1623 1860 1667 constat,

305 1704 401 1729 num
443 1704 491 1729 ea
529 1691 719 1742 «θύρσους
752 1696 793 1728 et
824 1694 958 1729 πᾶνον
992 1688 1122 1741 (quod
1156 1688 1408 1728 vocabulum
1442 1695 1608 1740 poetam
1644 1688 1860 1741 scripsisse

302 1775 325 1801 e
364 1774 465 1801 voce
510 1765 622 1801 πᾶνα
661 1759 819 1800 tradita
858 1758 1142 1800 Schneiderus
1184 1759 1360 1813 colligit)
1408 1773 1500 1799 cum
1548 1759 1661 1799 cultu
1702 1758 1862 1798 Bacchi

300 1831 599 1884 coniungenda
637 1832 729 1872 sint.
784 1830 913 1883 Apud
940 1830 1175 1871 Leonidam
1200 1830 1417 1872 Callicleia
1442 1830 1597 1870 Veneri
1626 1830 1861 1882 complures

304 1917 381 1954 res,
425 1903 465 1942 in
508 1903 567 1942 eis
609 1903 807 1954 taeniam,
853 1901 1002 1952 donat3
1049 1901 1317 1941 dedicantem
1356 1902 1618 1941 meretricem
1653 1914 1742 1940 esse
1776 1900 1863 1939 veri

304 1974 442 2013 simile
478 1982 539 2013 est
575 1987 708 2026 neque
743 1987 841 2013 vero
876 1986 899 2012 a
932 1980 1058 2025 poeta
1098 1972 1271 2023 dicitur3
1318 1986 1487 2012 causam
1528 1971 1808 2012 dedicationis
1842 1985 1862 2010 e

304 2044 480 2084 vocibus
510 2043 572 2085 ὧν
599 2045 723 2097 ἤθελε
747 2049 929 2097 τυχοῦσα
954 2045 1245 2096 comperimus.
1282 2043 1398 2084 Huic
1415 2044 1542 2095 igitur
1561 2042 1863 2095 epigrammati,

304 2116 345 2155 in
401 2130 483 2167 quo
536 2130 601 2156 res
654 2115 799 2155 eodem
854 2115 979 2155 modo
1032 2120 1329 2155 enumerantur
1375 2122 1501 2167 atque
1557 2114 1648 2153 aliis
1693 2114 1734 2153 in
1775 2126 1863 2153 car-

306 2186 492 2227 minibus
544 2186 816 2226 dedicatoriis
862 2185 1091 2238 Tarentini,
1136 2200 1286 2239 poema
1334 2184 1583 2226 Callimachi
1628 2184 1865 2237 exemplum

304 2257 435 2297 fuisse
483 2271 599 2309 nego.
670 2257 780 2297 Nam
828 2265 868 2297 et
914 2256 1144 2297 similitudo
1193 2264 1274 2296 tam
1316 2270 1446 2309 parva
1487 2262 1560 2307 est,
1606 2263 1651 2295 ut
1690 2255 1866 2295 fortuita

306 2327 494 2380 putanda
541 2329 593 2367 sit
639 2328 837 2381 (utroque
884 2329 925 2368 in
973 2329 1273 2380 epigrammate
1319 2328 1461 2380 puella
1501 2326 1656 2367 Veneri
1701 2340 1779 2377 res,
1823 2327 1865 2365 iu

308 2398 458 2451 quibus
493 2400 634 2438 taenia
673 2399 921 2452 appellatur⁷
963 2398 1150 2450 dedicat)
1185 2406 1225 2438 et
1253 2397 1467 2438 Leonidas
1501 2404 1564 2438 tot
1596 2397 1748 2437 similia
1781 2397 1866 2449 epi·

307 2476 541 2521 grammata
576 2472 778 2521 (71-75,
816 2472 1018 2522 78—84),
1063 2471 1103 2509 in
1148 2468 1299 2522 quibus
1341 2468 1646 2509 Callimachum
1679 2469 1866 2507 imitatus

312 2554 392 2580 non
430 2547 502 2591 est,
537 2542 784 2593 composuit,
821 2548 864 2580 ut
898 2541 977 2581 hoc
1001 2554 1167 2593 quoque
1192 2540 1304 2580 solus
1329 2538 1513 2579 scribere
1535 2546 1690 2592 posset.
1741 2536 1867 2591 Quod

308 2610 527 2651 Leonidas
561 2612 601 2650 in
637 2626 757 2651 versu
791 2613 915 2652 tertio
949 2611 1093 2651 scribit
1113 2612 1331 2664 μηλοῦχον
1354 2611 1568 2663 ὑαλόχροα
1592 2612 1718 2663 (quae
1742 2622 1866 2649 voces

308 2682 453 2721 nescio
489 2696 539 2722 an
575 2681 783 2734 ,bracteae
818 2681 1050 2722 confectae’
1078 2683 1190 2736 sint),
1224 2696 1316 2722 eam
1351 2681 1578 2721 dictionem
1613 2694 1745 2733 aeque
1779 2681 1868 2733 ipse

308 2753 468 2791 invenit
501 2763 626 2805 atque
660 2755 701 2792 in
737 2753 886 2793 eodem
920 2755 1104 2793 carmine
1136 2757 1290 2806 τριχῶν
1323 2757 1610 2805 σαγανευτῆρα
1644 2752 1750 2791 etin
1777 2751 1868 2791 aliis

311 2824 626 2874 epigrammatis
660 2824 812 2863 multas
848 2837 976 2863 novas
1011 2837 1155 2874 voces3
1191 2823 1244 2863 ad
1277 2823 1370 2863 illas
1404 2836 1528 2863 voces
1553 2821 1867 2874 componendas

309 2901 459 2944 poetae
511 2908 560 2933 ea
606 2893 811 2947 Cyrenaei
859 2894 928 2947 (cf.
974 2893 1201 2934 secundam
1248 2893 1477 2934 editionem
1519 2893 1868 2947 Wilamowitzii),

307 2964 334 3015 ἡ
352 2964 539 3015 ἐιιαστοὶῃς
561 2965 725 3017 ἐφίλησε
748 2965 873 3018 (quae
898 2979 1032 3017 neque
1055 2966 1095 3004 in
1121 2964 1336 3005 codicibus
1360 2965 1555 3017 leguntur
1577 2971 1618 3004 et
1641 2978 1663 3003 a
1687 2962 1859 3003 vocibus
