2028 3533
795 363 1082 400 —39—

165 477 308 517 decem
334 476 534 517 habemus
555 477 774 530 (nonnulla
795 477 971 517 fortuita
997 491 1087 517 esse
1105 476 1302 517 videntur
1321 476 1428 531 [ΥΠ
1446 480 1542 529 480,
1557 480 1583 517 4
1602 477 1714 531 (32),

163 547 355 599 V113,4
378 547 486 602 (73),
510 547 603 587 ΥΠ
623 549 786 599 506,12
807 548 916 600 (87),
943 547 1032 587 ΥΠ
1053 550 1146 598 731,
1165 551 1187 587 2
1210 547 1322 601 (93),
1346 547 1439 587 ΥΠ
1458 550 1524 599 67,
1541 551 1565 588 8
1586 546 1714 603 (94)],

162 620 202 658 in
256 618 347 658 aliis
396 631 520 658 voces
569 617 705 658 efferri
757 616 911 657 debent
958 617 1062 672 [ΥΠ
1098 621 1191 669 273,
1227 621 1250 657 6
1285 618 1368 673 (6),
1414 621 1511 665 452,
1546 622 1568 658 2
1604 618 1715 673 (15),

163 687 233 728 ΙΧ
259 691 355 740 335,
376 691 401 727 4
430 688 538 742 (67);
566 688 630 728 VI
661 691 754 739 120,
777 691 801 727 8
830 686 959 743 (52)],
995 688 1046 728 de
1070 688 1161 728 ΥΠ
1192 691 1284 739 163,
1308 691 1334 727 4
1362 688 1452 740 (11)
1487 688 1537 730 cf.
1565 703 1602 741 p.
1632 688 1715 742 33.)

162 758 326 799 Nomen
348 760 561 811 proprium
582 772 786 810 nusquam
805 758 875 798 illo
896 758 990 798 loco
1010 760 1255 799 invenimus.
1295 757 1579 799 Callimachus
1600 759 1714 799 illam

163 829 481 869 collocationem
519 843 599 869 non
634 830 800 881 saepius
835 828 972 870 habet.
1033 829 1143 881 [ΥΠ
1167 832 1303 881 451,2
1328 830 1410 882 (9),
1444 832 1585 881 517,4
1608 830 1716 883 (20),

161 898 258 939 ΧΠ
284 902 416 947 118,6
442 900 551 953 (42),
580 901 671 951 150,
689 903 711 939 2
736 900 828 953 (46)
851 924 908 928 -
932 913 1081 939 nomen
1106 913 1245 952 propr.
1268 901 1309 940 in
1328 899 1420 940 ΥΠ
1444 903 1581 952 520,4
1602 900 1714 954 (10),

164 972 258 1021 521,
279 973 301 1009 2
326 970 437 1023 (12),
463 969 528 1010 ΥΙ
552 972 647 1021 310,
668 973 690 1009 2
715 969 836 1024 (48)].
900 969 1039 1010 Unum
1075 970 1313 1023 exemplum
1346 976 1387 1010 et
1420 969 1532 1023 apud
1566 969 1715 1010 Ascle-

161 1040 329 1093 piadam
355 1040 445 1093 (IX
471 1044 564 1092 752,
581 1042 621 1093 2)
657 1048 697 1080 et
731 1040 842 1093 apud
877 1040 1178 1093 Poseidippum
1208 1040 1322 1094 (ΧΠ
1349 1044 1441 1091 120,
1459 1042 1500 1093 2)
1527 1041 1717 1093 legimus,

162 1110 245 1151 duo
264 1112 303 1150 in
322 1110 537 1151 Theocriti
562 1112 874 1164 epigrammatis
897 1118 1042 1151 extant
1061 1111 1148 1162 (IX
1164 1114 1259 1164 338,
1277 1116 1299 1152 2
1318 1111 1399 1165 (3),
1416 1114 1513 1164 437,
1529 1114 1581 1152 18
1595 1111 1656 1165 (4)
1672 1137 1717 1141 -

161 1182 201 1221 in
225 1181 317 1221 ΥΠ
341 1184 436 1233 659,
452 1184 478 1221 4
502 1183 563 1236 (7)
585 1195 666 1222 vox
689 1195 821 1234 usque
845 1181 898 1222 ad
923 1182 1099 1222 alterum
1124 1182 1369 1222 trochaeum
1393 1183 1531 1222 locum
1556 1181 1719 1222 obtinet

164 1251 216 1294 cf.
248 1251 398 1292 Niciae
436 1266 498 1305 ep.
533 1251 597 1292 Vl
632 1255 726 1303 270,
761 1253 816 1305 2).
900 1252 1000 1292 Tria
1053 1253 1245 1305 exempla
1298 1253 1489 1306 Hedylus
1541 1252 1719 1305 praebet

163 1323 232 1375 (A.
257 1321 302 1363 C.
330 1322 364 1364 Ι.
398 1326 490 1374 115,
521 1326 563 1373 2,
604 1322 727 1375 Υ16,
755 1326 798 1374 2,
844 1324 883 1362 in
910 1323 949 1362 V
971 1326 1034 1374 16,
1062 1327 1087 1363 4
1134 1337 1241 1363 nom.
1282 1325 1450 1376 propr.)
1526 1322 1621 1376 Qua
1666 1338 1717 1363 ex

162 1395 476 1433 enumeratione
528 1393 678 1445 colligo
727 1393 1027 1446 Asclepiadam
1081 1393 1480 1447 Poseidippumque,
1539 1408 1716 1447 quorum

161 1464 353 1516 exempla
380 1460 555 1504 fortuita
583 1478 673 1504 esse
696 1464 902 1516 videntur,
937 1471 978 1504 et
1004 1466 1164 1517 priores
1193 1466 1539 1517 epigrammatum
1569 1472 1717 1517 poetas

161 1535 482 1575 collocationem
512 1536 744 1583 evitavisse,
779 1549 903 1587 quam
934 1535 1123 1588 Hedylus
1152 1542 1193 1575 et
1215 1535 1466 1576 Theocritus
1494 1535 1718 1588 interdum,

162 1604 374 1646 Leonidas
420 1605 755 1659 Theocritusque
807 1620 901 1646 raro
948 1606 1243 1646 adhibuerunt.
1281 1631 1338 1635 —-
1376 1606 1509 1646 Paulo
1550 1607 1717 1659 saepius

162 1675 341 1716 disticha
379 1678 659 1728 inveniuntur,
704 1678 744 1716 in
787 1676 937 1729 quibus
978 1691 1074 1730 pars
1115 1678 1333 1725 enuntiati,
1379 1677 1491 1730 quod
1531 1691 1554 1717 a
1595 1691 1717 1717 versu

161 1747 403 1787 hexametro
437 1749 601 1787 initium
635 1749 749 1800 capit
778 1755 903 1800 atque
931 1749 1068 1787 locum
1100 1762 1230 1800 usque
1258 1762 1281 1787 a
1309 1747 1433 1788 finem
1463 1749 1717 1801 pentametri

162 1818 311 1870 explet,
346 1825 441 1870 post
474 1832 689 1858 caesuram
723 1821 1001 1872 τριθημιμερῆ
1034 1820 1286 1871 pentametri
1316 1821 1576 1859 terminatur.
1631 1818 1716 1860 Sed

161 1889 380 1928 consilium
409 1896 559 1941 poetae
586 1890 626 1929 in
652 1897 736 1929 tam
760 1891 906 1942 paucis
931 1890 1131 1942 exemplis
1156 1891 1435 1941 cognoscitur,
1466 1896 1509 1929 ut
1533 1891 1716 1942 timeam,

162 1973 211 1998 ne
236 1961 376 1999 omnia
406 1959 514 1999 forte
543 1961 769 2002 evenerint.
825 1959 969 2015 [Apud
1000 1959 1235 2000 Leonidam
1266 1975 1359 2001 cum
1388 1962 1549 2001 ratione
1578 1962 1717 2013 posita

161 2044 251 2070 esse
276 2029 488 2070 videntur:
514 2030 606 2070 ΥΠ
624 2033 718 2083 652,
734 2033 758 2071 4
776 2034 850 2083 (4),
876 2034 971 2081 654,
988 2034 1010 2071 6
1029 2034 1102 2082 (5),
1136 2035 1230 2084 261,
1248 2036 1270 2072 2
1288 2035 1360 2083 (7),
1380 2032 1444 2071 VI
1462 2034 1556 2082 293,
1574 2034 1596 2071 6
1614 2034 1716 2083 (33),

159 2100 335 2140 fortuita
369 2107 481 2141 sunt:
517 2101 582 2141 ΥΙ
614 2105 706 2153 129,
730 2106 753 2142 2
778 2102 857 2154 (1),
890 2101 984 2142 ΥΠ
1011 2106 1104 2153 740,
1127 2106 1163 2154 2,
1185 2106 1211 2142 4
1237 2104 1345 2155 (17),
1384 2102 1417 2142 Υ
1439 2106 1530 2154 187,
1552 2105 1578 2141 4
1604 2103 1716 2155 (19),

161 2171 249 2211 VH
279 2174 376 2223 480,
402 2176 436 2223 2,
461 2175 484 2212 8
516 2173 627 2223 (32);
668 2175 764 2224 449,
791 2176 813 2212 2
844 2174 955 2225 (37):
991 2173 1052 2212 Π
1085 2176 1147 2225 13,
1173 2176 1196 2214 2
1228 2175 1340 2227 (72›;
1377 2173 1529 2223 V205‚
1554 2176 1576 2213 6
1608 2175 1717 2227 (77ξ);

165 2241 225 2281 Υ1
260 2245 354 2293 205,
384 2246 406 2282 6
443 2243 550 2295 (83),
586 2242 675 2282 ΥΠ
713 2246 775 2295 13,
799 2246 823 2284 2
855 2244 974 2297 (24)).
1053 2244 1162 2283 Item
1209 2246 1293 2284 veri
1342 2245 1473 2284 simile
1521 2250 1583 2284 est
1627 2243 1716 2284 fere

161 2314 301 2353 omnia
324 2313 527 2365 exempla,
546 2313 615 2353 ubi
637 2315 910 2366 enuntiatum,
931 2314 1043 2366 quod
1064 2316 1104 2354 in
1125 2329 1246 2354 versu
1269 2315 1512 2355 hexametro
1531 2315 1717 2366 inchoat,

161 2392 256 2435 post
300 2385 477 2435 primum
532 2384 679 2437 pedem
732 2387 983 2437 pentametri
1037 2387 1304 2437 terminatur,
1354 2386 1464 2425 forte
1517 2387 1717 2427 evenisse.

162 2453 390 2508 [Leonidas
432 2454 607 2507 praebet
646 2469 793 2495 novem
842 2456 1051 2508 exempla,
1096 2457 1136 2495 in
1185 2470 1257 2496 sex
1303 2470 1453 2496 nomen
1499 2457 1715 2509 proprium

160 2525 329 2576 legitur:
347 2524 411 2564 ΥΙ
431 2528 561 2576 131,4
577 2528 650 2576 (2),
668 2526 760 2566 ΥΠ
777 2529 871 2568 654.
890 2532 912 2566 2
930 2530 1004 2575 (5),
1028 2526 1066 2565 Υ
1083 2530 1173 2574 187,
1192 2531 1213 2566 2
1233 2530 1335 2578 (19),
1357 2527 1448 2567 ΥΠ
1465 2531 1593 2579 422,6
1612 2530 1714 2577 (35),

161 2594 229 2634 IX
266 2598 360 2639 316,
392 2598 444 2637 14
478 2600 582 2647 (57),
623 2596 693 2636 IX
730 2600 824 2649 335,
855 2602 877 2637 2
912 2601 995 2647 (67)
1037 2597 1188 2637 deinde
1231 2599 1281 2639 cf.
1307 2598 1395 2638 ΥΠ
1429 2600 1525 2641 478,
1554 2602 1576 2637 6
1612 2600 1715 2649 (31),

162 2668 258 2707 440.
282 2668 332 2706 10
357 2669 461 2716 (43),
488 2667 549 2707 VI
581 2670 671 2718 154,
691 2671 715 2707 8
740 2667 851 2723 (72)]

675 2800 696 2849 ξ
733 2803 767 2839 2.
832 2797 903 2837 De
937 2798 1208 2851 anaphora.

280 2877 496 2930 Perpauca
530 2879 658 2919 verba
696 2879 747 2919 de
788 2880 1003 2933 anaphora
1037 2880 1202 2920 faciam.
1268 2880 1481 2920 Leonidas
1518 2894 1640 2921 voces
1674 2882 1714 2921 in

162 2949 280 2988 initio
315 2957 355 2988 et
388 2963 578 2989 versuum
616 2951 674 2995 (av
709 2958 748 2990 et
783 2952 969 2991 colorum
1005 2951 1065 3003 (b)
1101 2953 1306 3003 repetivit.
