2028 3533
826 371 997 409 —·37
1062 393 1117 398 -

186 489 276 529 illis
319 487 506 529 versibus
550 487 747 540 cognosci
793 500 916 539 posse
963 499 1080 538 nego,
1125 486 1224 538 quia
1269 486 1530 526 enuntiatum
1575 485 1747 525 nimium

193 560 335 600 locum
370 558 600 598 hexametri
640 563 820 610 occupat
855 570 982 609 quam
1014 563 1059 596 ut
1090 556 1317 609 praecipue
1352 554 1561 597 efferat-ur.
1624 554 1746 595 Veri-

191 630 330 670 simile
381 628 481 668 mihi
532 627 698 668 videtur
742 633 888 680 poetas
935 627 1218 667 hellenisticos
1265 627 1623 679 epigrammatum,
1677 626 1748 678 qui

190 700 457 740 enuntiatum
495 699 537 738 in
578 711 660 738 uno
700 697 881 738 disticho
922 698 1137 737 terminari
1177 710 1259 737 non
1293 710 1416 749 posse
1450 701 1748 748 cognoverunt,

192 769 238 810 id
283 784 414 822 usque
459 768 513 809 ad
559 774 753 821 quartum
799 767 949 820 pedem
988 766 1249 820 produxisse,
1289 767 1388 820 quia
1426 773 1523 806 ante
1558 767 1748 819 quintum

193 840 345 893 pedem
378 840 643 880 intervallum
677 840 880 891 optimum
913 839 1123 878 invenitur
1156 837 1227 891 (cf.
1252 837 1422 878 Wilam.
1445 838 1469 877 l.
1494 837 1558 889 c.).

314 922 429 963 Raro
482 923 756 967 enuntiatum,
805 919 919 972 quod
963 921 1003 959 in
1052 919 1232 960 disticho
1278 933 1457 972 sequens
1503 919 1663 969 transit,
1707 918 1747 957 in

193 993 318 1033 tertio
347 992 455 1046 pede
483 992 714 1032 hexametri
738 992 951 1043 sequentis
975 991 1131 1030 exitum
1155 989 1293 1032 habet.
1332 990 1382 1029 In
1408 990 1619 1042 exemplis,
1641 1002 1748 1041 quae

191 1063 371 1117 praebet
401 1062 678 1115 Asclepiades
711 1061 770 1115 (V
787 1064 823 1113 6,
855 1065 898 1112 3;
936 1063 1028 1113 144,
1054 1061 1109 1114 3),
1144 1059 1357 1100 Leonidas
1388 1059 1467 1113 (VJ
1490 1062 1582 1110 110,
1608 1061 1630 1098 3
1656 1058 1748 1111 (63)

195 1159 252 1164 —-
279 1134 328 1174 In
354 1134 414 1174 Vl
443 1136 538 1185 296,
561 1135 583 1173 9
608 1132 718 1185 (81),
749 1131 840 1172 ΥΠ
867 1134 963 1184 448,
994 1135 1016 1171 3
1047 1131 1137 1185 (36)
1175 1131 1434 1171 enumeratio
1471 1130 1749 1182 terminatur),

195 1204 477 1257 Poseidippus
497 1203 567 1256 (A.
584 1201 629 1244 C.
645 1202 719 1243 ΠΙ
738 1206 802 1254 79,
819 1205 855 1253 3,
873 1206 916 1253 53
942 1202 1079 1256 8],9),
1104 1208 1262 1242 certum
1287 1201 1505 1241 consilium
1529 1206 1748 1253 poetarum

190 1283 338 1316 extare
381 1288 498 1327 nego,
538 1275 637 1327 quia
676 1272 804 1313 verba
843 1274 884 1313 in
925 1273 1157 1313 hexametri
1196 1273 1403 1325 principio
1444 1273 1599 1324 scripta
1632 1271 1750 1324 parvi

191 1347 395 1386 momenti
415 1352 521 1386 sunt.
557 1344 607 1384 In
629 1343 913 1396 Asclepiadae
930 1343 969 1382 V
989 1344 1082 1394 157,
1113 1346 1135 1382 3
1159 1343 1421 1382 enuntiatum
1439 1342 1479 1381 in
1499 1342 1623 1382 tertio
1642 1340 1749 1394 pede

193 1416 380 1457 nondum
414 1415 578 1474 desinit,
613 1428 709 1454 nam
739 1413 968 1462 vocabulis,
1002 1427 1110 1466 quae
1147 1414 1204 1453 eis
1234 1414 1390 1466 χρύσεα
1420 1411 1627 1465 γράμματ’
1652 1413 1749 1465 ἔχον

188 1486 439 1538 succedunt,
465 1485 764 1539 praecedentia
788 1484 1063 1538 explicantur.
1110 1484 1157 1524 In
1181 1482 1398 1524 Leonidae
1416 1482 1508 1523 ΥΠ
1528 1485 1622 1534 273,
1642 1485 1665 1521 3
1685 1481 1749 1535 (6)

188 1566 237 1598 et
261 1557 298 1597 Υ
327 1560 421 1609 187,
451 1560 474 1596 3
506 1557 598 1611 (19)
632 1569 768 1607 voces,
808 1569 914 1608 quae
954 1556 1118 1595 initium
1160 1554 1391 1595 hexametri
1425 1553 1604 1606 explent,
1638 1558 1749 1593 recte

192 1627 445 1678 efferuntur,
488 1628 531 1667 in
568 1629 632 1676 19,
672 1629 695 1666 3
731 1625 994 1678 describitur,
1034 1631 1294 1678 quantopere
1339 1630 1467 1677 poeta
1511 1622 1562 1663 ab
1608 1636 1750 1663 amore

189 1712 422 1752 oppressus
457 1699 521 1748 sit,
553 1699 594 1737 in
630 1700 666 1749 6,
693 1700 715 1737 3
750 1695 956 1747 audimus,
990 1697 1106 1736 cuius
1131 1709 1259 1749 opera
1283 1695 1500 1735 calamitas
1524 1694 1749 1748 praecipue

193 1769 310 1809 facta
350 1770 414 1810 sit.
479 1767 763 1809 Callimachus
796 1768 837 1807 in
862 1766 929 1807 VI
953 1769 1048 1818 310,
1074 1771 1096 1807 3
1123 1766 1210 1820 (48)
1244 1766 1379 1806 lusum
1412 1764 1635 1806 verborum
1669 1765 1749 1804 ele-

192 1846 344 1893 ganter
375 1841 417 1879 in
450 1840 569 1879 initio
603 1839 755 1891 posuit,
794 1839 834 1878 in
869 1837 960 1877 ΥΠ
984 1840 1050 1889 89,
1075 1840 1098 1877 5
1124 1837 1184 1891 (1)
1219 1837 1492 1888 enuntiatum,
1532 1850 1613 1888 quo
1648 1834 1750 1875 dicit

188 1911 369 1951 alteram
410 1910 591 1963 puellam
633 1909 753 1949 alteri
792 1914 1019 1962 praestare,
1065 1907 1345 1948 collocatione
1385 1921 1551 1960 quoque
1591 1907 1749 1947 extulit.

313 1992 409 2033 Non
451 1993 618 2045 saepius
657 2005 800 2032 versus
834 1991 1100 2031 hexametros
1134 1991 1321 2042 legimus,
1361 1991 1401 2030 in
1437 1988 1586 2042 quibus
1621 2003 1749 2029 enun-

192 2065 357 2116 tiatum,
391 2063 504 2116 quod
535 2064 576 2103 in
613 2062 793 2102 disticho
822 2061 1093 2115 praecedenti
1119 2062 1283 2101 initium
1309 2062 1432 2113 capit,
1456 2061 1594 2100 locum
1618 2073 1749 2113 usque

191 2134 248 2175 ad
287 2148 505 2175 caesuram
542 2135 821 2187 τριθημιμερῆ
861 2139 1060 2186 occupat3
1106 2132 1177 2172 illo
1219 2131 1364 2172 ordine
1408 2145 1503 2184 pars
1545 2132 1749 2171 enuntiati

192 2206 260 2246 vel
294 2219 375 2245 una
408 2218 489 2245 vox
520 2203 682 2244 duobus
707 2203 860 2244 ictibus
880 2210 1058 2243 ornatur
1081 2210 1207 2255 atque
1233 2215 1408 2243 caesura
1431 2216 1454 2241 a
1479 2200 1749 2254 sequentibus

188 2275 332 2316 verbis
349 2281 580 2328 separatur.
599 2274 762 2315 Bonum
782 2274 1016 2327 exemplum
1034 2272 1749 2327 praebetLeonidaeV11654,5(5):

349 2384 384 2411 v.
409 2373 447 2411 3.
492 2370 552 2414 ὡς
583 2370 650 2409 καὶ
685 2369 756 2421 ἐμὲ
787 2369 984 2408 abhorret
1017 2368 1091 2408 σὺν
1124 2369 1201 2408 οὐκ
1235 2369 1390 2407 εὐπίοιί
1422 2368 1567 2420 φόρτῳ

556 2440 773 2493 Κρηταιεῖς
805 2439 921 2479 ὦσαν
958 2439 1183 2492 Τιμόλύῑον
1214 2437 1313 2478 καθ’
1348 2439 1456 2483 ἁλός.

492 2511 679 2551 δείλαιον.

314 2605 431 2646 Voce
472 2606 658 2657 δείλαιον,
698 2619 804 2658 quae
844 2604 1072 2644 molossum
1113 2603 1263 2656 explet,
1303 2604 1433 2643 tristis
1473 2616 1562 2643 sors
1597 2604 1746 2643 mortui

188 2677 410 2729 eleganter
442 2675 694 2716 describitur
727 2682 852 2728 atque
887 2688 989 2715 sono
1024 2675 1220 2727 pingitur.
1283 2674 1332 2714 In
1357 2673 1448 2714 ΥΠ
1479 2676 1574 2725 506,
1605 2677 1625 2713 7
1657 2674 1747 2727 (87)

195 2746 413 2788 Leonidae
455 2748 562 2787 mira
608 2760 719 2787 mors
765 2747 986 2798 piscatoris
1027 2746 1269 2785 enuntiatur
1309 2745 1379 2798 (cf.
1407 2759 1445 2797 p.
1476 2748 1628 2797 63sq.1>.
1697 2743 1746 2784 In

189 2817 445 2859 Callimachi
468 2817 560 2858 ΥΠ
585 2821 679 2869 517,
703 2820 726 2857 3
752 2818 844 2871 (20)
883 2817 1075 2869 αι’·τοχερί
1104 2817 1274 2856 maximi
1307 2816 1507 2856 momenti
1543 2820 1615 2865 est,
1654 2828 1745 2854 nam

192 2888 367 2929 fratrem
414 2902 438 2929 a
481 2890 639 2940 virgine
684 2887 1049 2928 vehementissime
1093 2893 1278 2926 amatum
1321 2900 1410 2926 esse
1450 2884 1546 2925 inde
1591 2886 1746 2938 optime

189 2960 474 3011 cognoscitur,
509 2958 622 3011 quod
656 2972 705 2999 ea
732 2972 773 2999 se
801 2960 893 3011 ipsa
919 2957 1142 2998 interfecit.
1197 2956 1364 3011 (Neque
1390 2970 1487 2996 vero
1513 2957 1661 2996 incisio
1686 2962 1748 2996 est
