2028 3533
944 374 1229 410 —16—

309 499 371 531 est
407 490 722 543 ,uemithnrmoQ
764 490 833 538 qui
873 486 1067 527 omnibus
1108 486 1347 527 hominibus
1381 488 1489 527 male
1523 494 1731 540 precatur,
1772 502 1864 530 cum

308 560 419 613 apud
445 560 715 599 Theocritum
753 559 959 598 neminem
995 556 1203 597 devoveat
1236 558 1313 597 nisi
1339 558 1483 598 malos.
1538 557 1772 611 Timonem,
1799 560 1865 600 cui

309 632 496 671 homines
532 629 629 669 odio
663 629 792 669 fuisse
827 629 927 668 satis
963 636 1107 668 notum
1142 634 1216 680 est,
1241 627 1456 669 Leonidas
1484 630 1523 669 in
1550 628 1640 669 VII
1665 632 1747 670 316
1773 630 1864 683 (39)

308 708 471 750 tractat,
488 700 529 739 id
547 701 815 752 epigramma,
838 700 955 739 cuius
974 699 1127 739 lemma
1145 706 1208 739 est
1223 700 1448 740 Λεωνίδεω
1474 703 1497 752 ἢ
1513 701 1790 753 Ἀντιπάτρου,
1805 701 1867 741 vir

308 772 455 812 doctus
480 769 530 812 G.
556 771 759 810 orationis
790 783 918 809 causa
941 768 1160 810 Leonidae
1189 776 1302 810 recte
1326 769 1485 812 tribuit.
1525 769 1801 811 Tarentinum
1823 772 1865 812 in

307 841 561 883 carminibus
585 840 675 880 VII
700 843 796 892 316,
824 842 910 881 408
941 840 1245 893 componendis
1275 842 1590 894 epigrammatis
1615 840 1866 883 Callimachi

306 913 397 953 VH
422 916 516 954 317.
541 914 623 952 318
648 911 702 963 (4,
728 912 769 965 3)
805 925 923 951 usum
959 925 1049 951 esse
1075 909 1125 953 G.
1151 918 1295 952 censet
1327 916 1378 965 (p.
1403 913 1488 967 76).
1531 911 1641 952 Nam
1666 912 1756 953 VII
1781 915 1864 954 318

306 998 472 1036 quoque
496 982 713 1036 Cyrenaeo
737 988 810 1033 est,
833 996 856 1022 a
880 996 962 1034 quo
979 982 1329 1023 Wilamowitzius
1360 981 1577 1023 abiudicat
1599 983 1748 1036 (praef.
1767 983 1866 1024 edit.

304 1069 342 1107 p.
370 1055 452 1107 16),
492 1054 591 1106 quia
624 1059 772 1093 auctor
805 1053 1038 1106 Hegesippi
1064 1052 1158 1092 VH
1183 1056 1266 1093 320
1301 1054 1529 1106 exprimat3
1570 1067 1621 1094 an
1656 1056 1867 1095 sententia

305 1134 420 1165 recta
466 1126 529 1175 sit,
577 1122 626 1164 G.
666 1125 747 1163 iam
796 1123 974 1164 dubitat.
1044 1122 1154 1164 Nam
1201 1124 1240 1164 in
1290 1127 1373 1164 320
1413 1123 1564 1164 Timon
1610 1138 1630 1165 e
1671 1125 1864 1178 sepulcro

305 1197 507 1248 loquitur:
553 1195 698 1235 Multis
740 1196 869 1248 spinis
909 1195 1148 1247 sepulcrum
1188 1209 1326 1235 meum
1370 1195 1668 1246 circumdatur,
1714 1195 1864 1247 quibus

304 1281 377 1320 pes
393 1272 500 1318 tuus,
518 1267 667 1318 viator,
691 1267 724 1306 si
741 1265 1098 1318 adeas,·laeditur;
1124 1265 1196 1306 sed
1213 1267 1415 1319 praeteri3
1441 1267 1605 1306 etiamsi
1622 1266 1865 1307 lamentaris

304 1339 377 1392 (sc.
408 1338 537 1390 spinis
571 1337 748 1391 laesus),
784 1338 978 1390 praeteri.
1042 1335 1191 1377 Timon
1227 1338 1267 1376 in
1304 1337 1496 1389 sepulcro
1532 1350 1699 1390 quoque
1734 1344 1865 1390 optat,

304 1423 354 1449 ne
398 1409 489 1461 quis
526 1407 604 1448 sibi
647 1407 835 1448 accedat.
889 1408 1041 1460 Itaque
1077 1407 1308 1448 viatoribus
1343 1409 1589 1460 pronuntiat
1627 1408 1865 1460 sepulcrum

304 1480 434 1533 spinis
482 1480 590 1531 cingi
637 1485 764 1532 atque
805 1485 947 1532 sperat
980 1492 1050 1519 eos
1087 1493 1167 1519 non
1203 1478 1393 1519 adituros
1428 1493 1529 1520 esse.
1595 1477 1639 1520 Si
1675 1492 1771 1519 vero
1805 1479 1864 1519 illi

303 1550 356 1590 ad
397 1551 634 1603 sepulcrum
676 1551 1031 1603 appropinquant,
1071 1563 1142 1590 eos
1182 1551 1326 1603 spinos
1366 1549 1478 1590 laedi
1512 1549 1662 1590 Timon
1697 1549 1864 1602 gaudet.

303 1621 416 1675 (Non
453 1628 566 1661 recte
602 1621 797 1662 Bertram
828 1620 897 1677 [D.
925 1620 1423 1673 TimonlegendQDiss„
1456 1620 1717 1673 Heidelberg
1741 1623 1863 1672 1906,

302 1707 339 1745 p.
371 1691 438 1747 25]
486 1692 538 1733 de
585 1693 664 1733 hoc
710 1693 1012 1746 epigrammate
1053 1691 1271 1745 disputat.)
1336 1691 1387 1732 In
1419 1691 1511 1732 VH
1542 1694 1638 1743 318,
1678 1692 1743 1732 cui
1778 1693 1863 1745 epi-

302 1778 490 1816 gramma
549 1769 777 1804 tractatum
832 1763 1069 1816 exemplum
1123 1763 1253 1803 fuisse
1305 1762 1656 1802 Wilamowitzius
1710 1771 1864 1815 censet,

304 1835 462 1875 nullum
495 1833 747 1875 vocabulum
783 1833 835 1874 de
859 1835 990 1887 spinis
1015 1835 1215 1887 scriptum
1242 1833 1456 1886 habemus,
1490 1840 1639 1874 auctor
1668 1834 1864 1874 carminis

304 1905 443 1946 dicere
477 1907 583 1946 vult:
619 1905 788 1946 Timoni
812 1905 914 1945 nihil
938 1905 1077 1955 refert,
1104 1912 1241 1945 utrum
1265 1906 1401 1945 viator
1424 1919 1518 1944 eum
1542 1905 1697 1945 salutet
1721 1918 1863 1945 necne.

302 1976 452 2017 Timon
501 1977 581 2017 hoc
625 1978 664 2016 in
715 1978 898 2016 carmine
944 1976 1135 2016 homines
1177 1976 1278 2016 nihil
1319 1981 1448 2027 curat,
1496 1975 1687 2027 nobilior,
1728 1982 1773 2015 ut
1804 1976 1864 2015 ita

304 2047 452 2090 dicam.
485 2047 686 2101 grandior
719 2053 782 2088 est
815 2061 938 2100 quam
968 2047 1204 2100 Hegesippi
1234 2045 1397 2097 Timon,
1433 2047 1514 2099 qui,
1544 2045 1656 2099 quod
1685 2046 1862 2087 homini-

304 2119 379 2160 bus
405 2121 534 2172 spinis
561 2133 711 2159 nocere
735 2126 886 2172 potest,
910 2118 1077 2171 gaudet.
1114 2117 1186 2158 Ad
1202 2117 1423 2158 Timonem
1449 2118 1762 2170 epigrammatis
1779 2119 1862 2158 318

304 2204 453 2231 nomen
477 2191 801 2243 μισανθρώπου,
826 2189 939 2242 quod
964 2191 999 2230 ei
1024 2189 1239 2242 proprium
1266 2195 1338 2241 est,
1363 2202 1445 2229 non
1470 2188 1663 2241 quadrat.
1710 2187 1863 2241 Itaque

303 2263 477 2302 carmini
512 2263 595 2302 318
630 2262 890 2314 epigramma
921 2263 1007 2302 320
1042 2260 1277 2313 exemplum
1314 2273 1396 2300 non
1431 2266 1532 2311 erat,
1573 2260 1671 2312 quia
1701 2260 1744 2300 in
1779 2261 1862 2299 318

303 2347 438 2385 neque
477 2334 622 2385 spinae
662 2332 930 2385 appellantur
970 2346 1103 2384 neque
1144 2330 1295 2371 Timon
1329 2332 1388 2370 ita
1428 2330 1664 2383 descriptus
1711 2338 1774 2370 est
1817 2336 1864 2370 ut

302 2405 341 2443 in
379 2406 462 2444 320
487 2403 557 2456 (ad
581 2402 801 2443 Timonem
826 2402 1062 2455 Hegesippi
1088 2416 1310 2442 commune
1333 2415 1565 2454 cognomen
1591 2408 1735 2454 aptum
1759 2401 1860 2454 est),

302 2475 445 2527 itaque
470 2475 728 2527 epigramma
753 2476 835 2514 318
861 2472 1123 2514 Callimacho
1148 2472 1418 2513 tribuendum
1444 2486 1534 2512 esse
1558 2480 1671 2525 puto.
1724 2470 1860 2525 (Idem

304 2552 477 2585 censent
510 2545 705 2585 Bertram
740 2559 778 2598 p.
810 2548 862 2586 24
897 2551 937 2584 et
970 2544 1198 2595 Hauvette,
1240 2542 1324 2584 Les
1359 2544 1637 2596 epigrammes
1671 2541 1722 2583 de
1757 2540 1862 2584 Call.

303 2615 405 2657 Rev.
436 2615 473 2656 d.
502 2615 629 2656 Etud.
660 2614 880 2668 Grecques
922 2618 1046 2666 1907,
1084 2629 1123 2668 p.
1154 2615 1324 2669 308sq.)
1389 2612 1515 2667 Quod
1549 2614 1699 2666 aliquis
1737 2621 1861 2665 negat

305 2685 568 2739 Cyrenaeum
600 2686 710 2726 idem
747 2692 1038 2739 argumentum
1073 2685 1136 2726 bis
1170 2691 1363 2736 tractare,
1398 2692 1526 2738 poeta
1560 2683 1610 2724 de
1646 2683 1860 2736 naufragis

304 2759 384 2797 tria
423 2759 726 2810 epigrammata
763 2757 1034 2811 (17‚18,582)
1070 2757 1324 2809 composuit,
1363 2757 1403 2796 in
1439 2755 1590 2808 quibus
1626 2754 1677 2794 de
1713 2754 1861 2794 eadem

303 2830 481 2867 materia
522 2834 606 2868 tam
648 2828 813 2868 diverse
860 2828 1048 2881 disputat
1093 2842 1218 2880 quam
1257 2829 1297 2867 in
1336 2830 1417 2867 317
1456 2832 1497 2866 et
1533 2829 1635 2876 318;
1680 2839 1775 2866 nam
1818 2826 1859 2865 in

306 2900 385 2938 317
422 2898 572 2938 Timon
608 2905 671 2939 est
701 2900 1019 2952 μισάνθρωπος9
1054 2899 1153 2951 quia
1185 2898 1280 2938 loca
1301 2898 1533 2938 inferorum
1569 2911 1619 2937 ex
1652 2910 1702 2937 ea
1734 2909 1863 2936 causa

306 2967 383 3007 sibi
418 2968 514 3008 odio
550 2983 639 3009 esse
674 2968 787 3021 dicit,
821 2969 934 3022 quod
957 2968 1014 3009 ibi
1038 2969 1178 3022 plures
1202 2968 1392 3009 homines
1418 2969 1499 3008 sint
1523 2981 1649 3021 quam
1670 2968 1711 3007 in
1736 2973 1861 3007 terra.
