2028 3533
260 480 380 506 versu
416 464 725 516 epigrammatis
760 462 905 501 erotici
930 460 968 499 V
997 462 1078 500 198
1114 460 1220 499 hanc
1255 459 1576 499 collocationem
1612 459 1813 511 στυλμῶν

260 541 352 578 τῶν
385 534 520 575 habet.
583 533 769 585 Anytam
808 532 922 571 illam
958 537 1089 571 artem
1127 531 1335 570 invenisse
1369 529 1466 569 inde
1501 529 1664 582 colligo,
1697 528 1811 582 quod

263 620 404 646 omues
429 611 579 657 poetae
604 604 681 643 nisi
706 601 921 642 Leonidas
948 602 987 641 in
1017 602 1136 641 initio
1162 601 1332 640 alterius
1356 600 1609 640 hemistichii
1632 599 1810 640 formam

262 679 442 729 aliquam
467 674 724 727 pronominis
741 673 813 713 ὅὸε
831 672 895 712 vel
915 672 1079 711 articuli
1100 679 1280 724 ponunt,
1295 671 1355 711 illi
1373 676 1524 724 poetae
1542 672 1668 723 igitur
1685 676 1814 723 atque

263 745 474 787 Leonidas
504 747 543 784 in
576 759 637 797 ep.
655 746 760 795 90,ss
784 743 990 795 poetriam
1022 750 1217 782 accurate
1247 743 1397 782 imitati
1428 748 1535 794 sunt,
1559 741 1814 782 Tarentinus

261 827 412 869 autem,
446 817 515 868 qui
549 828 693 855 omues
727 820 838 853 artes
872 813 1039 853 vocales
1073 812 1253 853 libenter
1285 811 1469 864 adhibet,
1503 812 1611 852 hanc
1644 825 1813 864 quoque

262 888 580 929 collocationem
617 884 810 924 dilatavit
843 890 968 936 atque
1004 884 1302 936 elegantiorem
1334 882 1530 923 reddidit.
1594 882 1813 935 Exempla,

263 973 368 1012 quae
396 960 434 997 in
465 954 808 1009 inscriptionibus
837 956 975 1007 quarti
1004 955 1160 994 saeculi
1193 953 1438 1009 [Hoffmann
1468 950 1813 1007 (syllog.ep.Grr.)

266 1034 328 1080 78,
344 1033 370 1069 4
385 1030 528 1081 ἀρετῆς
552 1026 566 1082 Η
591 1031 718 1079 στῆσα
737 1028 829 1077 103,
847 1029 870 1066 3
887 1026 1025 1066 ἄλλων
1049 1024 1063 1079 ΙΙ
1088 1024 1150 1066 ὧν
1172 1028 1249 1065 158
1260 1024 1297 1077 b,
1315 1028 1337 1064 2
1354 1025 1555 1065 ἐκτελέσαι
1572 1022 1587 1079 ll
1604 1025 1817 1077 λείπομαι;

264 1114 357 1140 nam
402 1112 564 1138 versum
612 1097 666 1149 (5.
701 1097 749 1150 s.)
797 1099 862 1147 54,
898 1099 920 1136 2
967 1096 1052 1136 ἀλλ’
1098 1095 1206 1136 αὗθε
1247 1096 1324 1148 πὲρ
1366 1099 1448 1151 γᾶς
1488 1095 1619 1136 τᾶσδε
1659 1094 1816 1136 πολλὸν

262 1171 482 1223 ἀριστεύειν
526 1169 677 1209 ἔθανεν
722 1174 1031 1220 pentametrum
1079 1181 1169 1207 csse
1216 1166 1336 1222 nego]
1383 1167 1595 1219 leguntur,
1639 1165 1817 1206 fortuita

263 1256 351 1281 esse
380 1239 598 1293 probabile
632 1245 706 1279 est.
751 1238 822 1279 Ad
851 1231 1011 1279 certum
1040 1239 1387 1291 epigrammatum
1415 1251 1546 1289 genus
1580 1235 1815 1288 artificium,

263 1311 374 1365 quod
419 1318 459 1351 et
500 1312 541 1350 in
582 1309 844 1351 dedicatorio
889 1317 930 1350 et
971 1310 1011 1349 in
1057 1309 1281 1362 sepulcrali
1325 1315 1365 1348 et
1408 1310 1447 1349 in
1495 1309 1653 1348 erotico
1695 1314 1736 1348 et
1773 1308 1815 1347 in

264 1382 454 1423 bucolico
485 1382 668 1422 carmine
702 1382 924 1433 invenit-ur,
959 1394 1040 1420 non
1075 1386 1250 1433 spectat.
1301 1378 1407 1421 Cum
1442 1379 1642 1431 exemplis
1677 1379 1818 1419 citatis

264 1468 312 1493 ea
346 1451 602 1493 conferenda
636 1458 750 1501 sunt,
783 1450 853 1491 ubi
889 1450 1073 1504 syllabae
1106 1450 1411 1504 respondentes
1446 1449 1613 1490 easdem
1647 1450 1816 1490 vocales

264 1538 397 1577 neque
430 1537 528 1564 vero
569 1522 748 1564 eundem
794 1536 1012 1562 numerum
1053 1523 1375 1562 consonantium
1415 1520 1582 1562 habent.
1641 1519 1820 1572 Legitur

264 1594 484 1635 artificium
518 1596 558 1634 in
594 1595 752 1634 erotico
788 1594 1089 1647 epigrammate
1124 1592 1235 1646 apud
1269 1591 1575 1645 Asclepiadam
1609 1591 1817 1642 (V163‚2

265 1667 432 1711 Νικοῦς
466 1663 598 1717 οὖσα)
632 1671 673 1705 et
705 1664 816 1718 apud
851 1662 1114 1717 Cyrenaeum
1149 1664 1233 1717 (63,
1256 1666 1281 1703 4
1315 1664 1441 1704 ἐλέου
1476 1661 1573 1704 οὐδ’
1608 1663 1743 1714 ὄναρ),
1775 1662 1818 1701 in

265 1737 526 1778 dedicatorio
573 1735 685 1789 apud
730 1735 989 1776 Mnasalcam
1031 1734 1116 1789 (VI
1146 1736 1241 1787 268,
1271 1736 1295 1775 2
1342 1735 1538 1790 ezfflffqov
1582 1734 1730 1787 τοῦὸε)
1778 1740 1821 1773 et

265 1808 376 1861 apud
423 1806 656 1847 Leonidam
704 1806 787 1855 (ΘΧ.
826 1820 921 1859 pap.
960 1805 1027 1846 IV
1052 1808 1146 1858 662,
1171 1807 1198 1845 4
1243 1806 1421 1858 ῥοὸίους
1463 1804 1600 1859 τοῦς),
1644 1805 1684 1844 in
1733 1804 1817 1857 epi-

264 1885 507 1932 grammate,
542 1892 624 1931 quo
652 1879 817 1931 pictura
847 1878 1081 1930 exponitur,
1115 1876 1226 1929 apud
1252 1875 1522 1916 Theocritum
1554 1878 1649 1927 (l,2
1682 1880 1822 1916 κεῖται

264 1954 393 1998 ταῖς).
458 1947 569 2002 Quia
601 1949 641 1989 in
678 1947 841 1989 duobus
876 1948 1077 2001 exemplis
1106 1947 1244 1988 forma
1277 1947 1419 1999 aliqua
1446 1947 1624 1998 articuli,
1659 1947 1700 1986 in
1735 1959 1820 1986 uno

265 2021 399 2061 forma
446 2021 705 2073 pronominis
751 2020 824 2060 ὅδε
868 2020 1047 2072 primam
1096 2017 1298 2072 syllabam
1348 2018 1520 2058 alterius
1565 2016 1820 2057 hemistichii

267 2091 449 2145 praebet.
484 2090 669 2144 Anytam
706 2091 981 2130 inventricem
1015 2089 1180 2130 artificii
1213 2089 1344 2129 fuisse
1378 2088 1660 2130 confirmatur.
1713 2086 1820 2128 Cum

267 2163 360 2203 talis
395 2163 618 2202 collocatio
651 2163 691 2202 in
728 2162 1042 2214 epigrammatis
1077 2160 1349 2200 hellenisticis
1382 2173 1554 2213 perraro
1584 2160 1824 2199 inveniatur

269 2234 382 2287 (snam
422 2235 461 2273 in
500 2235 580 2273 778
616 2232 804 2272 versibus
844 2233 1117 2285 pentametris
1153 2230 1355 2272 tredecim
1391 2230 1580 2283 exempla
1613 2230 1821 2283 legimus).

268 2304 388 2344 valde
425 2306 634 2355 miramur,
669 2303 781 2357 quod
820 2304 861 2343 in
903 2317 986 2343 uno
1023 2304 1323 2355 epigrammate
1358 2302 1448 2354 (53)
1484 2300 1702 2341 Leonidae
1736 2299 1822 2340 duo

271 2375 459 2427 exempla
494 2380 648 2415 extant.
710 2373 820 2415 Nam
860 2376 901 2414 in
934 2388 1056 2414 versu
1093 2380 1210 2414 sexto
1247 2372 1407 2426 syllaba
1443 2379 1630 2412 extrema
1668 2372 1822 2424 prioris

273 2445 521 2486 hemistichii
556 2446 870 2485 accuratissime
904 2444 1133 2497 respondet
1164 2445 1325 2497 primae
1359 2444 1551 2483 alterius:
1573 2443 1792 2483 Αἰακίδεω
1812 2440 1824 2497 ll

271 2517 413 2568 δῶρ(ι;
458 2516 713 2568 adiungendi
757 2523 853 2556 sunt
896 2516 938 2555 hi
982 2529 1124 2555 versus
1165 2514 1402 2555 Tarentini:
1448 2513 1520 2554 [X
1545 2516 1687 2564 322,2
1729 2514 1820 2565 (18)

270 2588 428 2627 ταύταν
453 2586 551 2628 miv:
578 2586 643 2626 VI.
663 2590 758 2638 205,
775 2590 798 2628 8
816 2588 899 2639 (83)
924 2585 1039 2627 οὗτοι
1067 2600 1154 2635 τοι,
1178 2585 1245 2625 VI
1270 2588 1364 2636 226,
1385 2588 1407 2624 2
1432 2585 1545 2633 λιτός
1566 2582 1645 2625 θ’(ῧ
1669 2584 1825 2637 σχεδόν

273 2657 341 2702 (de
391 2671 471 2710 quo
517 2671 638 2697 versu
688 2657 872 2697 dubitari
919 2658 1090 2710 potest).
1159 2656 1216 2696 Et
1261 2655 1545 2697 Callimachus
1592 2655 1649 2708 (V
1675 2657 1768 2705 145,
1795 2658 1821 2695 4

272 2730 399 2768 αὐταὶ
450 2732 526 2768 ταί
566 2728 657 2781 (51)
703 2735 743 2768 et
787 2728 1066 2781 Asclepiades
1113 2727 1170 2782 (V
1206 2730 1300 2778 206,
1334 2728 1359 2767 4
1404 2728 1551 2781 κοίτης
1601 2727 1697 2780 τῆς)
1741 2725 1823 2765 hoc

274 2798 492 2838 artificium
530 2799 657 2838 semel
694 2798 837 2847 habet,
878 2798 989 2852 quod
1024 2813 1044 2839 e
1077 2800 1215 2852 priore
1263 2798 1411 2839 evenit
1458 2798 1555 2850 quia
1600 2797 1822 2836 articulum

274 2868 358 2909 fere
413 2883 577 2921 semper
631 2870 751 2922 (8οἫ
757 2881 792 2925 θ)
841 2871 880 2909 in
936 2870 1067 2910 altero
1122 2868 1303 2909 disticho
1355 2869 1543 2920 legimus.
1617 2867 1821 2919 Alioquin

274 2939 409 2979 forma
455 2940 618 2979 articuli
664 2954 758 2980 raro
804 2941 919 2980 illum
965 2941 1104 2980 locum
1157 2939 1301 2991 habet,
1346 2939 1473 2979 veluti
1528 2952 1608 2978 non
1656 2938 1825 2990 saepius
