2028 3533
766 389 1054 427 *33-

134 503 363 544 Praeterea
396 488 522 556 poeta
553 504 595 543 in
629 517 750 543 versu
784 503 916 544 altero
939 517 1186 557 responsum
1210 506 1530 558 interrogationi
1553 507 1685 547 simile

134 573 329 625 reddidit,
364 588 457 613 nam
491 573 618 614 verba
651 573 951 626 respondentia
984 574 1135 627 pedem
1169 577 1486 628 anapaesticum
1518 577 1686 629 explent

134 650 175 683 et
200 645 241 684 in
265 661 289 698 η
313 645 550 685 terminant.
594 644 781 698 (ποδαπῆ
806 669 859 673 —
882 644 1055 698 Σαμιῆ),
1080 644 1194 697 quod
1217 644 1439 686 artificium
1463 647 1505 686 in
1535 652 1684 699 quarto

133 728 253 754 versu
299 716 545 767 reperimus,
598 716 696 767 quia
747 720 788 755 et
834 716 875 754 in
928 716 1260 767 interrogatione
1312 722 1354 756 et
1395 717 1435 756 in
1481 731 1683 769 responso

133 785 390 837 praepositio
447 786 510 833 ἐκ,
574 786 639 825 cui
697 784 805 825 duae
863 784 1009 825 breves
1066 786 1234 826 vocales
1292 786 1540 839 succedunt,
1599 788 1684 827 ictu

133 855 303 895 effertur
342 855 556 909 (θνησκεῖς
589 857 612 896 ὁ
646 855 692 896 ἔκ
723 871 848 906 τινοςς
880 881 936 885 --
971 856 1016 896 ἔκ
1050 856 1259 912 τοκετοῦ).
1322 856 1505 897 Puerum
1540 858 1685 898 similis

133 927 223 966 soni
263 939 401 978 causa,
440 940 564 979 quem
604 940 752 966 nomen
788 926 1034 980 Καλλιτέλης
1078 933 1203 979 atque
1242 927 1495 968 adiectivum
1533 930 1687 981 τριετής

131 995 345 1049 praebent,
391 1002 473 1036 tres
513 1010 645 1037 annos
686 1003 829 1037 natum
869 1010 960 1037 esse
995 998 1196 1050 suspicor.
1260 996 1473 1038 Leonidas
1509 999 1684 1038 similem

132 1080 280 1107 sonum
320 1066 443 1107 valde
483 1068 611 1118 auxit,
651 1081 745 1107 nam
780 1067 989 1108 adiectivo
1024 1067 1242 1121 praecedit
1273 1069 1385 1121 ἀλλά,
1421 1070 1537 1109 cuius
1571 1070 1687 1121 prior

131 1136 293 1190 syllaba
325 1137 640 1177 similitudinem
670 1137 854 1190 aliquam
881 1137 1011 1178 habet
1037 1153 1130 1179 cum
1160 1140 1295 1191 prima
1321 1138 1482 1192 syllaba
1505 1140 1683 1179 nominis

130 1209 309 1260 proprii;
340 1214 471 1261 τριετῆ
503 1215 545 1249 et
573 1208 825 1262 Καλλιτέλην
858 1210 987 1249 ictum
1020 1210 1062 1249 in
1096 1218 1283 1249 extrema
1317 1209 1478 1263 syllaba
1509 1209 1683 1250 habent:

606 1290 716 1331 αλλᾶ
749 1291 894 1346 τριετῆ
929 1291 1223 1346 Κᾶλλιτελῆν.

130 1383 359 1437 Antipater
398 1383 597 1425 Sidonius
638 1391 764 1437 atque
804 1384 988 1426 Archias
1029 1385 1109 1426 hoc
1147 1384 1370 1426 artificium
1411 1400 1492 1426 non
1530 1401 1683 1439 cogno-

129 1461 290 1507 verunt,
313 1469 418 1508 puer
440 1462 503 1495 est
525 1457 649 1495 trium
674 1456 843 1508 quidem
866 1470 1084 1507 annorum,
1103 1456 1175 1497 sed
1199 1458 1241 1496 in
1268 1460 1361 1508 164,
1382 1460 1405 1497 8
1430 1458 1529 1498 ἀλλά
1554 1457 1683 1507 deest,

129 1527 169 1565 in
206 1528 305 1571 165.
331 1529 353 1566 6
388 1525 597 1566 adiectivo
638 1526 945 1567 substantivum
986 1526 1175 1574 additum
1217 1534 1280 1568 est
1320 1529 1539 1582 (νηπίαχον
1575 1545 1682 1582 τρισ-

129 1601 218 1637 σῶν
242 1596 255 1650 ΙΙ
279 1597 527 1650 Καλλιτέλην
553 1598 684 1651 ἑτῶν).
744 1597 1063 1650 Epigrammata
1092 1597 1312 1651 Antipatri
1346 1607 1472 1651 atque
1496 1598 1684 1639 Archiae

130 1681 239 1707 nunc
272 1668 511 1707 accuratius
547 1667 936 1721 contemplabimur.

246 1748 508 1803 Compositio
544 1751 857 1803 epigrammatis
882 1750 974 1790 VH
1001 1754 1082 1791 164
1116 1757 1179 1791 est
1212 1751 1333 1792 haec:

623 1859 658 1886 v.
685 1848 705 1885 1
777 1848 799 1892 ξ
1052 1846 1109 1885 ΙΓ

554 1844 606 1986 sl
624 1942 656 1968 v.
682 1931 705 1967 2
937 1928 995 1968 H‘

555 2002 557 2069 l
623 2024 656 2051 v,
682 2012 705 2051 3
776 2013 798 2057 ξ
1169 2012 1226 2051 IIl

563 2010 606 2147 4
622 2107 657 2134 v.
679 2095 706 2132 4
936 2094 994 2133 H⁴

621 2189 657 2215 V.
681 2178 703 2215 5
774 2178 796 2221 ξ
935 2176 983 2215 II
1165 2179 1202 2223 ξ’

588 2176 656 2311 lv.
681 2260 705 2297 6
848 2261 886 2305 ξ’
1050 2259 1098 2298 II

622 2354 656 2380 v.
683 2343 703 2379 7
775 2343 797 2387 ξ
1166 2341 1226 2380 II‘

553 2339 604 2495 sl
621 2436 655 2463 v.
680 2426 704 2463 8
934 2423 993 2462 [Γ

553 2503 603 2642 ξῖ
620 2519 655 2545 v.
680 2508 703 2544 9
774 2508 796 2551 ξ
1163 2506 1224 2545 Il¹

620 2601 654 2627 v,
682 2590 733 2628 10
932 2588 992 2627 [Γ

246 2691 403 2733 Omnes
426 2706 570 2733 versus
596 2693 826 2734 hexametri
846 2693 976 2747 (apud
998 2693 1229 2734 Leonidam
1250 2695 1386 2735 nullus
1413 2696 1490 2735 nisi
1510 2696 1677 2747 tertius)

127 2763 167 2801 in
202 2769 445 2815 sequentem
480 2770 789 2816 pentametrum
822 2770 1052 2806 transeunt.
1106 2764 1295 2805 Tertium
1330 2765 1538 2805 distichon
1573 2765 1678 2806 duas

127 2833 476 2886 interrogationes
511 2842 553 2874 et
586 2834 668 2875 duo
701 2849 904 2887 responsa
940 2837 1137 2887 continet,
1171 2850 1264 2875 cum
1293 2837 1375 2876 alia
1404 2850 1527 2876 unam
1550 2837 1676 2877 inter-

128 2905 387 2954 rogationem
424 2911 465 2944 et
497 2919 625 2945 unum
659 2918 905 2957 responsum
940 2905 1135 2948 habeant.
1189 2906 1339 2947 Exitus
1375 2908 1569 2947 carminis
1594 2921 1674 2948 non

127 2981 212 3013 tam
245 2973 351 3015 bene
386 2977 644 3028 compositus
668 2984 730 3016 est
753 2990 878 3028 quam
908 2976 1020 3029 apud
1044 2976 1299 3028 Leonidam3
1334 2992 1478 3018 versus
1503 2985 1676 3018 octavus

198 3054 266 3081 Han
273 3062 336 3082 sen¹
1420 3059 1440 3091 3
