2028 3533
431 493 582 532 θύουσι
614 491 819 543 λγύμφαις
850 495 908 543 τῷ
941 507 981 531 τε
1007 491 1204 535 ᾹΙαίαὸος
1237 491 1349 542 τόκῳ

421 603 427 607 ,
501 561 611 602 οὗτοι
646 561 723 614 γὰρ
756 562 925 613 ἄνδρων
957 560 1043 614 αἷμ’
1078 562 1217 614 ἔχουσι
1248 562 1460 613 ποιμένων

147 671 267 697 usum
309 671 397 697 esse
437 655 655 709 probabile
697 669 779 696 non
821 662 900 707 est,
946 669 1041 695 nam
1083 654 1305 708 Nymphae
1342 656 1584 707 saepissime
1621 668 1708 694 unas

149 741 243 768 cum
276 727 484 767 Mercurio
519 727 785 779 appellantur
817 725 887 779 (cf.
910 725 1037 767 Hom.
1062 728 1084 772 ξ
1105 728 1259 778 435sq.
1321 724 1450 778 soph.
1483 724 1587 766 Oed.
1617 739 1706 767 reX.

151 800 262 838 1104
273 812 360 850 sqq.
385 797 515 837 Arist.
529 797 697 837 Thesm.
714 799 794 836 977
807 810 866 848 sq.
887 821 931 826 —
953 796 1004 836 cf.
1021 795 1379 847 Preller-Robert,
1400 794 1472 837 Gr.
1485 795 1662 848 Myth.1‚
1680 799 1707 835 2

148 872 280 922 Ρ.72Ο
296 867 390 908 adn.
409 870 443 919 1,
458 870 590 920 p.724
607 867 779 917 adn.1.).
814 866 983 920 Anytae
1004 868 1179 919 vestigia
1203 865 1415 906 Leonidas
1439 872 1608 906 secutus
1631 872 1705 908 est.

266 950 425 991 Poetae
479 950 729 990 hellenistici
789 951 1094 1001 epigrammata
1148 948 1199 988 de
1253 949 1468 1001 puerperis
1528 947 1719 988 libenter

150 1022 436 1074 composuisse
481 1019 676 1060 videntur
722 1019 791 1073 (cf.
822 1017 873 1061 G.
904 1034 941 1072 p.
972 1022 1038 1071 51,
1068 1019 1160 1073 81);
1203 1018 1476 1071 quamobrem
1517 1025 1557 1059 et
1595 1019 1705 1058 tituli

149 1091 403 1145 sepulcrales
443 1097 485 1131 et
524 1090 773 1131 dedicatorii
812 1089 897 1130 ficti
937 1096 1044 1132 sunt.
1108 1089 1160 1129 In
1186 1089 1252 1129 VI
1278 1093 1378 1141 200,
1410 1092 1491 1129 202
1523 1090 1607 1143 (45,
1631 1090 1706 1142 46)

150 1162 368 1203 Leonidae
401 1162 595 1202 mulieres
636 1160 739 1201 deae
778 1167 922 1213 partus
963 1161 1148 1212 singulas
1188 1174 1252 1200 res
1291 1161 1467 1200 vestium
1507 1166 1717 1213 parturae

149 1233 285 1274 felicis
320 1246 447 1273 causa
481 1231 691 1273 dedicant.
745 1231 893 1272 Niciae
928 1246 990 1284 ep.
1007 1231 1073 1271 VI
1099 1234 1181 1271 270
1216 1230 1434 1271 Leonidae
1469 1230 1704 1283 exemplum
1745 1223 1748 1225 ’

149 1304 279 1344 fuisse
314 1301 365 1344 G.
397 1310 510 1343 recte
545 1303 739 1355 exposuit
771 1303 826 1355 (p.
857 1302 941 1355 81).
1003 1300 1114 1342 Nam
1155 1301 1267 1355 apud
1300 1300 1467 1341 Niciam
1502 1302 1632 1341 vittae
1666 1307 1709 1340 et

150 1376 279 1426 ricae,
320 1388 426 1427 quae
460 1380 557 1413 ante
591 1372 694 1413 deae
728 1372 857 1425 pedes
891 1373 995 1412 sitae
1035 1379 1149 1423 sunt,
1189 1371 1456 1424 dedicantur,
1497 1372 1594 1424 quia
1628 1370 1708 1411 dea

151 1452 328 1486 mortem
362 1459 386 1485 a
418 1445 591 1484 muliere
625 1443 807 1484 arcebat.
867 1443 916 1483 In
953 1444 1255 1496 epigrammate
1279 1442 1345 1482 VI
1373 1444 1455 1483 202
1490 1441 1707 1482 Leonidas

150 1530 236 1557 rem
306 1516 430 1556 simili
493 1514 619 1555 modo
686 1520 859 1566 tractat,
923 1528 1016 1554 cum
1080 1515 1121 1553 in
1186 1514 1370 1554 carmine
1434 1512 1708 1566 praecedenti

151 1586 311 1638 afferat,
345 1600 418 1626 cur
450 1587 567 1639 ipsae
599 1585 696 1626 illae
730 1591 868 1625 vestes
903 1584 1007 1625 deae
1041 1584 1270 1637 donentur,
1310 1598 1404 1624 nam
1443 1585 1484 1623 in
1520 1582 1708 1624 vestibus

153 1657 358 1698 dedicatis
398 1662 571 1709 pastura
610 1656 725 1696 facta
764 1662 837 1698 est.
900 1656 1053 1708 Itaque
1087 1669 1150 1708 ep.
1169 1655 1237 1695 VI
1262 1658 1343 1695 202
1377 1654 1559 1694 fortasse
1592 1655 1711 1707 prius

153 1742 277 1782 quam
307 1727 375 1768 VI
406 1731 489 1768 200
529 1728 809 1780 compositum
850 1733 928 1779 est,
975 1728 1073 1779 quia
1113 1726 1328 1779 exemplar
1366 1726 1604 1766 accuratius
1639 1739 1710 1765 ex-

151 1800 312 1852 primit3
352 1813 446 1839 nam
487 1799 528 1838 in
567 1800 702 1852 primo
737 1812 858 1838 versu
893 1799 1110 1850 utriusque
1145 1798 1341 1838 carminis
1376 1796 1461 1849 (VI
1486 1799 1581 1848 202,
1607 1796 1708 1849 270)

152 1884 217 1910 res
262 1869 484 1910 dedicatae
528 1876 827 1909 enumerantur
870 1875 910 1909 et
952 1869 992 1908 in
1038 1869 1170 1908 altero
1205 1867 1386 1908 disticho
1427 1881 1554 1907 cansa
1590 1865 1707 1907 dedi-

154 1942 330 1982 cationis
394 1939 577 1980 affertur.
657 1939 706 1979 In
761 1946 910 1992 quarto
963 1953 1086 1979 versu
1144 1940 1362 1991 utriusque
1421 1938 1618 1978 carminis
1664 1936 1708 1977 id

153 2012 223 2052 ἀπ’
248 2012 415 2053 ὠδίνων
449 2010 626 2051 eundem
661 2011 797 2050 locum
834 2016 960 2050 tenet.
1015 2008 1141 2063 Quod
1177 2024 1239 2062 ep.
1255 2009 1320 2049 VI
1344 2012 1428 2050 200
1456 2010 1571 2061 prius
1596 2021 1709 2048 com-

152 2084 336 2136 positum
365 2096 467 2133 esse,
501 2083 599 2134 quia
621 2081 844 2121 verborum
870 2081 1093 2121 collocatio
1117 2081 1347 2134 simplicior
1370 2086 1444 2131 est,
1479 2077 1530 2121 G.
1555 2084 1710 2131 censet,

153 2168 248 2194 mea
266 2153 434 2206 quidem
455 2153 665 2193 sententia
682 2153 764 2192 iam
783 2153 823 2191 in
843 2153 981 2205 priore
1002 2153 1185 2192 carmine
1203 2151 1267 2191 VI
1287 2153 1369 2191 202
1390 2156 1517 2203 poeta
1540 2149 1710 2190 studere

153 2229 332 2278 poterat,
366 2230 411 2264 ut
449 2224 685 2276 exemplum
720 2224 912 2275 quaesito
945 2221 1167 2262 verborum
1209 2221 1356 2261 ordine
1391 2226 1620 2274 superaret.
1654 2245 1709 2250 ——

155 2294 390 2336 Leonidam
430 2296 471 2334 in
510 2294 624 2334 XVI
659 2297 739 2334 190
770 2294 860 2347 (47)
901 2307 1068 2346 quoque
1104 2292 1269 2333 Niciam
1311 2291 1445 2347 (XVI
1477 2294 1576 2343 1887
1609 2291 1710 2345 189)

157 2373 345 2407 secutum
379 2379 469 2406 esse
495 2363 545 2406 Gr.
569 2370 690 2418 putat
714 2365 769 2417 (p.
794 2365 877 2418 81).
940 2364 991 2404 In
1022 2363 1241 2404 Tarentini
1275 2364 1460 2403 carmine
1493 2362 1711 2402 Morichus

155 2442 301 2491 pastor
334 2441 477 2476 narrat
510 2450 552 2476 se
582 2441 763 2476 statuam
788 2435 986 2475 Mercurii
1011 2434 1297 2487 collocavisse,
1331 2439 1376 2474 ut
1399 2433 1500 2473 deus
1525 2433 1711 2486 capellas

157 2507 406 2559 custodiret,
446 2506 597 2547 deinde
638 2507 820 2559 capellas
859 2512 975 2546 vetat
1013 2506 1157 2558 lupum
1203 2506 1244 2545 in
1290 2510 1504 2558 posterum
1551 2505 1712 2544 timere.

156 2578 205 2619 In
234 2577 351 2618 XVI
379 2580 458 2618 188
486 2577 719 2618 Mercurius
745 2576 847 2617 dicit
870 2576 948 2617 sibi
971 2575 1156 2629 praesidi
1179 2576 1383 2629 gymnasii
1406 2589 1559 2628 pueros
1584 2588 1712 2627 saepe

158 2662 336 2689 coronas
380 2647 531 2689 floreas
577 2648 745 2700 afferre,
787 2650 828 2687 in
867 2647 982 2687 XVI
1015 2649 1095 2687 189
1142 2646 1251 2700 Pan,
1297 2647 1366 2700 qui
1412 2652 1524 2686 tecta
1569 2646 1711 2698 apium

158 2718 360 2770 custodit,
392 2719 506 2759 fures
541 2718 756 2771 admonet,
791 2724 835 2758 ut
867 2718 1004 2758 locum
1039 2719 1207 2758 evitent.
1270 2715 1550 2768 Sententiam,
1585 2729 1711 2769 quam

158 2790 199 2829 in
234 2791 365 2830 altero
400 2789 579 2830 disticho
615 2788 832 2830 Leonidae
866 2789 1059 2841 legimus:

371 2885 472 2925 ἀλλά
503 2900 575 2937 μοι
607 2886 656 2924 αἵ
679 2883 711 2923 τ’
735 2883 798 2924 ἀν’
832 2885 909 2936 ὄρη
944 2884 1112 2936 χλωρᾶς
1144 2884 1440 2935 κεκορεσιιιὲναι
1474 2882 1569 2926 ὕλας

441 2959 511 2995 τοῦ
546 2954 580 3008 γ’
605 2956 872 3008 ἁρπακτῆρος
903 2955 961 3007 μή
994 2971 1026 2994 τι
1058 2954 1229 3007 μέλεσὸε
1261 2954 1390 2994 λύκου
