2028 3533
782 860 976 929 Caput
1015 864 1310 929 quartum.

349 981 414 1023 De
448 979 761 1023 collocatione
799 980 1062 1022 verborum.
1094 1003 1151 1008 —
1185 978 1494 1036 Quaestiones
1527 979 1746 1022 selectae.

270 1076 354 1128 §L
408 1075 480 1115 De
504 1075 639 1115 exitu
666 1074 1063 1125 enuntiatorum,
1093 1074 1288 1126 quaein
1313 1087 1505 1113 versum
1532 1081 1834 1126 sequentem

909 1150 1187 1185 transeunt.

399 1228 625 1269 Distichon
678 1227 785 1268 bene
840 1229 1117 1280 compositum
1173 1241 1300 1267 unum
1355 1233 1482 1280 atque
1535 1227 1712 1280 simplex
1766 1233 1834 1268 est

271 1300 341 1349 (cf.
373 1300 555 1351 Wilam.,
595 1298 843 1352 Textgesch.
878 1283 915 1340 d.
947 1298 1102 1351 griech.
1135 1297 1301 1349 Bukol.‚
1345 1311 1384 1351 p.
1417 1298 1599 1352 138sq.).
1673 1297 1837 1351 Itaque

270 1370 463 1421 disticha,
507 1371 547 1411 in
595 1369 746 1422 quibus
790 1370 1053 1410 enuntiatum
1093 1383 1114 1409 e
1154 1382 1276 1409 versu
1314 1374 1580 1422 pentametro
1619 1370 1659 1409 in
1701 1368 1829 1409 hexa-

269 1448 447 1483 metrum
502 1447 745 1494 sequentem
800 1441 968 1490 transit,
1026 1439 1138 1493 apud
1196 1449 1343 1492 poetas
1403 1439 1689 1480 hellenisticos
1741 1441 1837 1493 epi*

269 1518 549 1565 grammatum
581 1513 794 1552 rarissime
827 1512 1105 1564 reperiuntur.
1150 1508 1195 1551 Si
1228 1524 1326 1551 vero
1357 1511 1462 1550 tales
1486 1524 1629 1551 versus
1652 1511 1837 1564 legimus

271 1583 414 1636 quales
451 1589 547 1623 sunt
579 1583 621 1622 hi
655 1581 873 1623 Leonidae
898 1581 991 1622 VH
1016 1584 1111 1633 273,
1148 1584 1258 1622 1—-3
1285 1581 1368 1635 (6):

472 1666 618 1718 E1’290v
651 1682 703 1718 με
734 1670 901 1719 τρηχεῖα
933 1665 1003 1705 καὶ
1036 1666 1237 1718 αἰπήεσσα
1270 1665 1453 1717 καταιγὶς

554 1737 624 1777 καὶ
656 1736 731 1783 νὺξ
763 1737 831 1776 καὶ
867 1737 1077 1789 δνοφερῆς
1109 1736 1275 1788 κύματα
1307 1736 1537 1789 πανὸυσίης

484 1806 633 1860 ἔβλαψ’
662 1807 874 1859 Ὠρίωνος·

272 1901 558 1956 quaerendum
598 1908 671 1953 est,
712 1908 848 1941 utrum
889 1907 1015 1954 poeta
1055 1914 1149 1941 cum
1188 1901 1353 1941 ratione
1386 1914 1531 1941 versus
1565 1901 1834 1941 coniunxerit

273 1987 322 2013 an
363 1973 431 2013 hic
456 1972 559 2013 ordo
583 1971 807 2013 verborum
830 1971 1006 2012 fortuito
1031 1973 1229 2012 evenerit.
1274 1970 1508 2012 Consilium
1531 1978 1682 2025 poetae
1705 1972 1745 2012 in
1772 1972 1839 2012 eis-

275 2044 477 2097 exemplis
501 2044 746 2096 saepissime
771 2042 1111 2096 cognoscendum
1136 2056 1226 2083 esse
1251 2041 1444 2093 arbitror,
1462 2041 1534 2082 ubi
1556 2043 1835 2094 enuntiatum,

274 2114 385 2169 quod
419 2116 459 2155 in
496 2114 705 2155 distichon
737 2128 915 2167 sequens
940 2114 1101 2166 transit,
1134 2114 1173 2153 in
1198 2114 1319 2154 initio
1343 2113 1576 2153 hexametri
1598 2114 1681 2153 iam
1705 2112 1831 2153 finem

274 2187 385 2239 capit
419 2186 507 2240 (qui
531 2191 687 2238 puncto
714 2185 776 2226 vel
800 2185 892 2225 colo
916 2186 957 2225 in
983 2183 1240 2225 editionibus
1265 2185 1418 2225 nostris
1443 2183 1670 2236 significari
1693 2184 1833 2237 solet).

274 2257 355 2297 Illa
390 2257 667 2297 collocatione
696 2257 902 2297 enuntiati
929 2270 1039 2309 pars,
1073 2270 1181 2308 quae
1205 2256 1245 2296 in
1269 2256 1389 2296 initio
1413 2255 1645 2295 hexametri
1669 2254 1842 2307 legitur,

275 2328 456 2380 effertur,
490 2329 588 2380 quia
621 2342 644 2367 a
678 2327 871 2379 disticho,
904 2328 945 2367 in
980 2341 1062 2380 quo
1095 2326 1322 2378 inchoavit,
1356 2326 1494 2366 soluta
1521 2327 1679 2379 primos
1702 2324 1834 2378 pedes

274 2399 505 2439 hexametri
530 2399 742 2452 sequentis
767 2404 958 2451 occupat.
994 2397 1060 2438 De
1085 2397 1298 2450 exemplis,
1323 2411 1429 2450 quae
1452 2398 1493 2437 in
1519 2397 1832 2450 epigrammatis

276 2469 457 2523 Anytae,
492 2469 787 2523 Asclepiadae,
822 2468 1084 2520 Callimachi,
1116 2468 1289 2522 Hedyli,
1323 2467 1553 2519 Leonidae,
1576 2467 1832 2518 Mnasalcae,

275 2540 436 2591 Niciae,
459 2540 715 2594 Poseidippi,
736 2539 948 2592 Simmiae,
968 2539 1185 2580 Theocriti
1207 2540 1358 2590 inveni,
1383 2553 1492 2579 nunc
1515 2537 1644 2579 verba
1664 2538 1834 2578 faciam.

396 2609 650 2665 Saepissime
691 2612 966 2663 enuntiatum,
1006 2610 1120 2664 quod
1160 2611 1201 2650 in
1240 2624 1405 2650 versum
1445 2609 1735 2650 hexametrum
1769 2622 1834 2648 se·

278 2688 473 2735 quentem
514 2683 673 2734 transit,
714 2688 810 2722 ante
851 2683 1043 2735 quintum
1082 2680 1235 2734 pedem
1276 2681 1536 2721 terminatur.
1605 2679 1751 2720 Veluti
1789 2680 1834 2719 in

278 2754 590 2806 epigrammatis
626 2752 874 2794 Callimachi
909 2754 1182 2800 enuntiatum,
1218 2751 1331 2805 quod
1365 2752 1515 2791 transit
1546 2751 1588 2791 in
1623 2750 1832 2791 distichon

279 2837 475 2875 sequens,
519 2823 746 2864 duodecies
804 2824 860 2876 (2,
891 2827 935 2874 33
972 2826 1036 2876 14,
1067 2827 1109 2874 33
1151 2826 1215 2872 15,
1246 2826 1289 2873 33
1333 2825 1395 2874 18,
1427 2824 1470 2872 33
1514 2825 1580 2874 24,
1611 2824 1655 2872 33
1691 2824 1756 2872 27,
1787 2822 1838 2870 3;

278 2897 345 2945 45,
377 2897 419 2944 33
454 2897 521 2946 46,
552 2897 595 2945 93
629 2897 697 2944 48,
728 2898 769 2945 53
804 2898 869 2947 55,
901 2899 945 2945 33
981 2897 1046 2947 58,
1078 2897 1122 2945 33
1158 2896 1224 2946 62,
1249 2894 1291 2947 3)
1326 2898 1422 2934 ante
1459 2894 1650 2945 quintum
1682 2891 1836 2945 pedem

279 2965 539 3016 terminatur,
570 2964 632 3005 bis
664 2966 719 3019 (1,
751 2968 793 3015 53
817 2968 884 3017 48,
910 2966 952 3020 3)
977 2966 1016 3006 in
1046 2966 1170 3005 tertio
1194 2964 1313 3018 pede.
1359 2962 1592 3005 Consilium
1615 2968 1767 3016 poetae
1790 2963 1839 3002 in.
