2028 3533
921 359 1212 395 —22-

293 478 463 517 comice.
492 476 693 527 loquitur:
729 474 853 513 Hanc
877 474 1071 512 miseram
1097 474 1224 512 vitam
1248 479 1370 525 pater
1392 473 1473 512 iam
1499 471 1690 525 degebat,
1714 487 1738 513 a
1761 487 1846 526 quo

293 546 527 587 hereditate
551 544 603 584 ad
628 559 692 584 me
717 545 839 584 venit.
860 568 911 572 —
933 542 1003 582 Ad
1027 544 1416 596 interpretationem
1443 544 1756 596 epigrammatis
1779 546 1846 596 96,

294 617 363 657 ubi
403 618 509 655 viam
550 614 601 654 ad
641 614 798 654 inferos
838 623 923 653 tam
963 615 1102 653 tritam
1144 627 1252 664 esse,
1298 627 1423 666 quam
1464 615 1590 654 etiam
1631 615 1744 655 caeci
1783 615 1846 655 in-

291 687 407 739 gredi
443 687 620 739 possint,
659 691 786 737 poeta
820 684 938 735 dicit,
974 685 1055 724 iam
1091 690 1365 726 transeamus.
1430 682 1698 738 Quamquam
1731 685 1845 726 illam

293 758 543 797 sententiam
578 755 831 795 Tarentinus
865 757 954 807 ipse
987 755 1174 794 invenire
1209 762 1387 807 poterat,
1421 762 1559 795 tamen
1595 757 1683 796 viro
1719 755 1847 796 docto

293 826 344 869 G.
384 828 606 877 assentior,
658 827 726 878 qui
772 827 812 865 in
860 826 1162 878 epigrammate
1208 825 1288 865 hoc
1336 826 1650 879 apophthegma
1697 826 1845 867 Bionis

292 899 433 953 (Diog.
458 897 597 937 Laert.
612 895 678 936 JV
703 899 738 948 7,
762 898 836 949 49)
860 897 1036 937 εὔκολον
1059 898 1217 949 ἔφασκε
1239 897 1311 949 τὴν
1334 898 1388 941 εἰς
1409 897 1551 938 Ἅιδου
1575 898 1696 938 ὁδόν·
1719 914 1846 938 κατα-

291 971 473 1023 μύοντας
505 972 606 1020 γοῦν
640 968 810 1014 ἀπιέναι,
844 966 957 1020 quod
990 967 1078 1007 fere
1114 966 1259 1007 eadem
1286 966 1493 1007 vocabula
1520 967 1705 1020 praebet,
1738 975 1846 1008 trac-

292 1041 370 1080 tari
412 1038 535 1078 docet
575 1037 645 1091 (cf.
675 1051 712 1090 p.
745 1040 840 1087 1273
886 1037 1057 1090 Kynika
1087 1052 1123 1077 u.
1146 1037 1292 1087 VerW.,
1328 1052 1363 1090 p.
1395 1041 1449 1091 5).
1514 1036 1599 1079 Sed
1638 1046 1752 1079 recte
1786 1040 1849 1078 vir

292 1110 440 1151 doctus
474 1109 660 1149 Pohlenz
694 1109 750 1161 (p.
774 1111 846 1160 81)
881 1115 1035 1159 monet,
1070 1122 1119 1148 ne
1154 1118 1334 1161 poetam,
1369 1110 1439 1161 qui
1472 1110 1511 1148 in
1547 1109 1845 1162 philosophum

293 1182 474 1233 aliquem
526 1181 780 1232 epigramma
834 1181 1087 1232 composuit,
1142 1179 1199 1219 illi
1255 1179 1442 1219 deditum
1497 1194 1587 1220 osse
1640 1187 1847 1233 putemus

294 1250 578 1304 Quamobrem
619 1265 669 1290 ex
708 1250 787 1290 hoc
827 1251 1130 1303 epigrammate
1171 1252 1368 1303 cognosci
1409 1264 1489 1291 non
1528 1260 1685 1304 potest,
1731 1251 1849 1291 cuius

292 1328 476 1363 sectator
528 1320 742 1361 Leonidas
800 1322 840 1360 in
901 1320 1024 1361 rebus
1084 1320 1138 1361 ad
1198 1321 1509 1374 philosophiam
1570 1321 1848 1362 attinentibus

290 1393 436 1443 fuerit3
484 1406 579 1432 nam
620 1391 670 1432 de
710 1392 837 1432 verbo
879 1391 1026 1432 Bionis
1067 1393 1156 1432 sine
1194 1393 1256 1432 ira
1295 1400 1336 1432 et
1375 1392 1514 1433 studio
1555 1392 1754 1446 disputat.
1794 1418 1849 1422 ——-
1883 1427 1885 1430 Α

293 1464 352 1506 Ut
384 1465 423 1504 in
459 1464 762 1516 epigrammate
795 1469 977 1503 tractato
1011 1470 1137 1516 poeta
1170 1462 1341 1503 verbum
1370 1463 1517 1504 Bionis
1546 1478 1681 1517 neque
1703 1463 1853 1504 laudat

293 1549 428 1588 neque
461 1535 690 1588 vituperat,
729 1535 788 1574 ita
826 1535 865 1573 in
903 1535 1087 1574 carmine
1113 1533 1202 1574 VH
1230 1537 1308 1575 731
1336 1536 1428 1588 (93)
1463 1534 1513 1574 de
1548 1532 1681 1587 Gorgi
1716 1542 1850 1576 morte

292 1606 530 1646 voluntaria
576 1606 663 1645 sine
711 1604 942 1658 cupiditate
988 1604 1116 1645 verba
1161 1605 1286 1659 facit„
1341 1603 1504 1658 Quibus
1545 1620 1566 1645 e
1607 1607 1743 1646 causis
1788 1607 1852 1645 vir

294 1677 442 1717 doctus
483 1674 534 1718 G.
574 1677 790 1728 collegerit
823 1675 1057 1716 Leonidam
1105 1682 1280 1716 mortem
1327 1677 1609 1716 voluntariam
1653 1675 1851 1717 laudibus

293 1747 458 1799 efferre,
504 1749 645 1788 nescio
692 1747 805 1799 (nam
847 1761 894 1787 ea
936 1749 985 1787 οὐ
1024 1748 1181 1800 κόμπῳ
1221 1747 1273 1787 ad
1314 1749 1429 1793 εἴπας
1467 1747 1690 1788 referenda
1725 1750 1851 1801 sunt).

295 1819 448 1859 Forma
494 1819 828 1871 epigrammatis,
879 1820 918 1858 in
967 1832 1049 1871 quo
1101 1819 1282 1871 primum
1332 1819 1594 1871 alterumque
1640 1817 1849 1859 distichon

295 1888 461 1942 Gorgns
512 1891 602 1942 ipse
654 1889 856 1942 loquitur,
908 1903 979 1929 eos
1026 1890 1097 1942 qui
1148 1889 1293 1942 legunt
1346 1889 1396 1930 de
1445 1890 1614 1943 Anytae
1667 1891 1852 1930 carmine

294 1961 384 2001 Vll
409 1963 490 2002 646
531 1960 750 2001 admoneri
789 1961 876 2000 viro
918 1960 1043 2000 docto
1087 1959 1137 2002 G.
1171 1962 1365 2001 assentiri
1406 1974 1486 2000 non
1523 1974 1713 2013 possum,
1753 1962 1853 2014 quia

293 2034 334 2072 in
368 2033 506 2085 priore
541 2031 722 2072 disticho
756 2031 899 2084 Anyte
934 2030 1134 2082 declarat,
1171 2045 1194 2071 a
1229 2046 1311 2084 quo
1348 2038 1390 2072 et
1422 2031 1592 2084 quando
1626 2031 1755 2072 verba
1788 2046 1852 2072 se-

295 2104 468 2156 quentia
507 2102 711 2143 dicantur.
775 2101 1003 2142 Praeterea
1043 2102 1155 2155 apud
1195 2101 1429 2143 Leonidam
1473 2101 1640 2155 Gorgus
1681 2117 1723 2143 se
1761 2104 1853 2156 ipse

294 2174 533 2226 alloquitur.

412 2244 589 2284 Poetam
623 2258 699 2297 pro
743 2243 931 2297 partibus
967 2243 1222 2297 Cynicorum
1257 2246 1421 2285 stetisse
1456 2259 1506 2284 ex
1539 2246 1853 2298 epigrammatis

295 2317 486 2356 tractatis
527 2329 608 2355 non
649 2317 856 2368 apparuit.
921 2313 1032 2368 Quia
1072 2316 1224 2368 aliquis
1264 2315 1445 2356 fortasse
1484 2317 1524 2355 in
1550 2315 1616 2355 VI
1640 2318 1723 2356 300
1748 2316 1852 2369 (90),

296 2386 388 2426 VH
420 2389 501 2427 736
533 2387 641 2440 (91),
679 2386 767 2426 VH
795 2389 879 2428 472
912 2388 1002 2440 (97)
1051 2388 1300 2439 sapientiam
1349 2385 1551 2439 Cynicam
1598 2400 1853 2439 cognoscere

296 2464 447 2511 potest,
481 2456 532 2498 de
565 2457 645 2497 illis
680 2456 935 2497 carminibus
971 2457 1172 2497 nonnulla
1195 2457 1324 2497 verba
1357 2457 1523 2497 faciam.
1572 2456 1787 2498 Leonidas
1810 2459 1852 2498 in

297 2528 362 2568 VI
387 2531 470 2568 300
499 2542 665 2580 quoque
699 2527 741 2568 id
776 2535 952 2581 spectat,
986 2536 1031 2568 ut
1054 2534 1345 2581 paupertatem
1372 2542 1487 2568 suam
1514 2527 1736 2581 describat,
1770 2543 1853 2582 qua

298 2605 468 2639 coactns
503 2598 606 2639 deae
641 2599 754 2639 nulla
787 2613 830 2639 re
864 2601 1021 2651 gratias
1056 2613 1179 2651 agere
1202 2605 1342 2652 potest
1366 2600 1443 2639 nisi
1466 2600 1611 2652 paucis
1634 2598 1854 2640 fructibus.

298 2669 450 2722 [taque
490 2684 541 2709 an
582 2671 778 2709 carminis
819 2671 935 2722 origo
975 2671 1016 2709 in
1057 2670 1264 2722 sapientia
1299 2668 1459 2722 Cynica
1497 2670 1749 2710 invenienda
1789 2671 1854 2721 sit,

298 2740 551 2780 Pohlenzius
577 2741 618 2793 (Ll.
643 2754 675 2780 c.
698 2755 736 2793 p.
761 2743 833 2793 81«)
858 2747 971 2781 recte
996 2739 1171 2782 dubitat.
1224 2740 1274 2780 In
1302 2740 1392 2780 VH
1418 2742 1498 2781 736
1524 2741 1614 2794 (91)
1638 2739 1854 2781 Leonidas

299 2824 374 2850 nos
419 2816 578 2862 monet,
618 2825 667 2850 ne
706 2825 923 2864 vagemur,
963 2813 1126 2852 etiamsi
1162 2811 1263 2851 nihil
1297 2810 1408 2851 aliud
1442 2811 1734 2864 possideamus
1775 2812 1854 2851 nisi

301 2881 484 2920 casulam
519 2882 712 2921 miseram
748 2883 987 2935 victumque
1022 2889 1201 2922 tenuem.
1261 2881 1523 2923 Sententiam
1556 2882 1853 2935 principalem:

304 2965 425 3001 „nam
466 2953 550 2991 vita
590 2966 694 3003 vaga
734 2959 795 2992 est
838 2954 958 3005 peior
997 2966 1121 3005 quam
1167 2954 1253 2992 vita
1298 2954 1555 2992 miserrima⁴⁶
1598 2960 1725 3006 poeta
1771 2966 1852 2993 non
