2028 3533
263 439 301 477 in
345 438 469 488 exitu,
511 435 722 488 quomodo
757 435 967 488 aequales,
1001 442 1208 487 parentes,
1242 436 1424 475 viatores
1457 434 1508 475 de
1537 443 1669 476 morte
1697 437 1813 489 pueri

264 508 456 557 sentiant,
490 506 602 546 dicit.
658 505 753 545 Hoc
787 519 954 558 quoque
989 518 1155 545 carmen
1191 505 1243 545 ab
1273 506 1574 558 epigrammate
1597 505 1814 547 Leonidae

264 583 494 630 superatur.
558 575 683 616 Nunc
724 577 949 628 quaeritur,
996 575 1351 628 quemadmodum
1399 583 1509 616 artes
1542 577 1709 617 vocales
1743 576 1815 617 ad-

264 647 419 687 hibitae
453 649 545 687 sint.
605 646 737 699 Apud
770 645 1045 699 Antipatrum
1079 646 1252 699 figuram
1288 654 1329 687 et
1362 647 1742 700 conduplicationis
1776 654 1816 688 et

263 717 503 770 anaphorae
548 718 782 757 invenimus
828 717 906 770 (VV.
948 719 984 768 5,
1028 719 1050 756 6
1091 719 1132 763 ἐς
1164 719 1262 770 γάρ;
1308 732 1343 759 V.
1381 721 1424 768 33
1470 717 1642 759 verbum
1687 719 1816 759 ὤλετο

264 790 341 843 (vv.
367 792 402 832 3,
432 792 468 837 4,
499 790 555 840 5),
589 789 686 840 quia
720 788 876 827 vocalis
911 788 1036 840 longa
1068 789 1154 828 ictu
1189 789 1299 829 elata
1333 797 1407 841 est,
1441 790 1582 841 magni
1615 790 1816 830 momenti

263 861 354 911 est).
403 859 584 899 Vocales
619 858 767 910 longae
803 872 883 898 non
920 859 1174 911 praevalent,
1207 859 1280 900 sed
1315 867 1357 899 et
1389 859 1587 913 spondeis
1620 861 1660 900 in
1695 873 1817 900 versu

263 932 385 971 tertio
432 937 557 983 atque
604 930 781 981 septimo
827 931 976 982 positis
1017 937 1057 970 et
1095 930 1323 983 anaphoris
1362 932 1611 983 gravitatem
1644 932 1816 983 pingere

262 1007 389 1054 poeta
434 1010 622 1041 conatur.
686 1000 737 1040 In
769 1000 859 1040 Vll
888 1003 973 1040 468
1019 1001 1159 1054 plures
1201 1002 1346 1054 longas
1387 1015 1511 1054 quam
1552 1001 1698 1042 breves
1731 1003 1816 1041 ictu

264 1073 395 1112 elatas
428 1072 594 1111 vocales
625 1072 859 1111 invenimus
895 1086 1029 1124 neque
1059 1086 1158 1112 vero
1189 1073 1272 1113 ulla
1303 1073 1460 1113 vocalis
1485 1072 1670 1123 excellit3
1705 1085 1817 1112 com-

262 1143 401 1195 plures
426 1142 636 1196 spondeos
660 1142 836 1194 legimus
862 1142 932 1197 (cf.
956 1157 990 1183 v.
1018 1146 1071 1197 7),
1096 1145 1166 1196 qui
1189 1143 1365 1184 fortuito
1388 1143 1491 1184 facti
1516 1149 1606 1184 ess'e
1629 1150 1818 1197 possunt,

263 1215 360 1267 quia
394 1212 569 1266 spondei
602 1213 785 1266 rhythmi
820 1213 923 1254 lenis
958 1227 1085 1254 causa
1118 1228 1142 1254 a
1175 1216 1311 1267 poetis
1346 1214 1617 1255 hellenisticis
1640 1212 1820 1255 libenter

261 1291 484 1337 ponuntur.
553 1284 603 1324 In
644 1283 825 1324 disticho
866 1291 1053 1325 extremo
1092 1286 1132 1325 in
1173 1284 1389 1326 vocalibus
1429 1302 1465 1326 οι
1499 1286 1562 1326 vel
1596 1302 1640 1327 ευ
1674 1284 1818 1326 ludere

261 1362 387 1408 poeta
419 1354 594 1406 videtur,
628 1354 755 1395 verbo
788 1357 936 1397 ποθεῖν
970 1355 1199 1409 respondet
1225 1358 1405 1397 πενθεῖν.
1459 1355 1564 1398 Cum
1606 1355 1818 1397 Leonidas

263 1426 314 1479 (v.
343 1429 375 1477 1,
402 1426 443 1480 7)
477 1432 602 1479 atque
626 1425 857 1479 Antipater
887 1426 1022 1479 figura
1051 1427 1292 1480 anaphorae
1317 1427 1369 1468 ad
1395 1427 1561 1468 dolores
1584 1427 1819 1481 pingendos

262 1504 444 1546 utantur,
480 1504 523 1537 ut
544 1496 759 1550 Meleager
790 1511 916 1538 voces
949 1499 1000 1539 ἰώ
1024 1504 1065 1538 et
1094 1500 1182 1539 αἰαῖ
1206 1499 1265 1538 ita
1287 1498 1567 1552 Asclepiades
1591 1498 1819 1551 particulas

262 1570 312 1608 ἰώ
353 1574 393 1608 et
430 1573 509 1621 φεῦ
548 1570 589 1608 in
631 1570 934 1621 epigrammate
968 1568 1093 1609 XIII
1128 1572 1180 1610 23
1214 1570 1396 1610 iambico
1432 1569 1615 1622 adhibet,
1660 1571 1700 1610 in
1736 1583 1819 1622 quo

262 1652 496 1679 maerorem
518 1640 650 1692 patris
675 1639 914 1680 describere
937 1640 1044 1690 vult3
1070 1654 1196 1693 quam
1215 1641 1421 1681 rationem
1443 1655 1464 1681 e
1482 1642 1617 1694 primo
1638 1639 1818 1681 disticho

264 1710 465 1763 (ἄκουσον
502 1710 548 1750 τὰ
588 1711 778 1763 Βότρυος
817 1712 945 1765 κήδη)
980 1712 1285 1764 cognoscimus.
1350 1710 1457 1753 Cum
1491 1725 1574 1752 una
1607 1725 1701 1752 cum
1733 1711 1819 1752 filio

263 1781 416 1821 multos
461 1780 627 1822 labores
672 1788 895 1834 parentum
940 1784 1100 1835 perisse
1146 1782 1259 1835 apud
1297 1782 1573 1836 Antipatrum
1618 1782 1818 1835 legamus,

264 1852 331 1892 hic
376 1866 486 1892 mors
526 1853 715 1905 pulcram
755 1853 1089 1894 misericordiam
1129 1853 1268 1906 habet,
1314 1853 1427 1906 quod
1465 1867 1571 1906 puer
1609 1861 1650 1894 et
1687 1854 1820 1894 multa

262 1923 344 1962 iam
385 1923 592 1963 didicerat
631 1938 765 1976 neque
799 1925 1063 1977 voluptatum
1096 1927 1307 1978 particeps
1340 1925 1491 1965 fuerat.
1555 1923 1693 1977 Quam
1728 1938 1819 1964 sen-

264 1995 455 2044 tentiam,
508 2008 616 2047 quae
665 1994 717 2035 ad
764 2002 978 2044 auctorem
1025 1997 1251 2036 multorum
1299 1997 1647 2049 epigrammatum
1695 1996 1820 2036 eroti-

266 2078 409 2104 corum
451 2074 492 2105 et
525 2067 854 2119 sympoticorum
888 2066 995 2107 bene
1029 2075 1128 2120 apta
1162 2074 1235 2119 est,
1269 2066 1381 2120 apud
1417 2065 1605 2108 Samium
1638 2068 1821 2120 primum

263 2135 450 2188 legimus.
504 2134 615 2189 Quin
650 2143 801 2189 poetae
837 2151 981 2178 omnes
1017 2152 1187 2190 operam
1213 2137 1418 2186 dederint,
1453 2145 1497 2178 ut
1520 2145 1692 2191 questus
1717 2151 1820 2178 sono

264 2207 494 2259 pingerent,
542 2206 713 2248 dubium
762 2222 843 2248 non
890 2218 963 2261 est,
1009 2208 1083 2249 sed
1129 2223 1200 2250 eos
1241 2209 1366 2249 aliam
1407 2223 1574 2262 quoque
1613 2209 1818 2249 rationem

267 2284 432 2318 secutos
479 2292 569 2318 esse
616 2281 818 2332 suspicor.
881 2280 932 2320 In
979 2279 1172 2320 omnibus
1219 2281 1533 2333 epigrammatis
1573 2287 1762 2320 mortuus
1797 2293 1821 2319 a

267 2347 502 2389 dicentibus
524 2351 763 2390 nominatur
778 2350 883 2402 <VII
902 2354 998 2403 466,
1020 2351 1167 2401 13VII
1184 2354 1282 2404 467,
1302 2350 1682 2403 13468‚1—XIII
1700 2352 1765 2402 23,
1781 2353 1820 2400 5)

266 2426 392 2471 atque
438 2419 604 2460 dolores
651 2423 796 2461 matris
842 2422 907 2462 vel
946 2423 1077 2474 patris
1124 2423 1256 2474 magis
1296 2423 1486 2462 minusve
1526 2420 1709 2461 dilucide
1749 2420 1820 2462 de-

267 2489 507 2530 scribuntur
530 2492 586 2544 (in
619 2490 849 2544 Leonidae,
865 2492 1080 2546 Meleagri,
1104 2492 1322 2546 Antipatri
1351 2494 1652 2546 epigrammate
1676 2498 1820 2544 mater,

267 2560 378 2613 apud
404 2559 592 2601 Samium
626 2570 746 2615 pater
780 2577 1013 2604 maerorem
1040 2565 1237 2617 enarrat).
1289 2564 1388 2604 Hoc
1411 2564 1642 2616 alloquium
1666 2564 1821 2604 mortui

265 2632 306 2670 in
342 2632 710 2673 lamentationibus
745 2633 1004 2679 funebribus,
1039 2649 1146 2688 quae
1180 2636 1220 2675 in
1255 2634 1434 2675 Homeri
1467 2634 1604 2675 Iliade
1638 2635 1820 2687 scriptae

267 2711 373 2753 sunt,
396 2704 638 2755 reperimus.
684 2705 730 2744 ln
755 2704 862 2745 libro
883 2705 923 2745 Ω
944 2706 1139 2746 mulieres
1163 2705 1470 2746 Andromacha
1493 2707 1546 2759 (V.
1572 2707 1820 2758 725—745),

269 2772 445 2813 Hecuba
477 2775 529 2826 (jv.
549 2776 808 2829 748—759).
832 2776 1000 2817 Helena
1024 2778 1076 2829 (v.
1095 2777 1343 2830 762—775)
1366 2776 1610 2828 Hectorem,
1632 2790 1754 2829 quem
1777 2777 1819 2815 in

268 2844 415 2883 lectica
440 2846 563 2884 situm
588 2845 756 2888 deflent.
778 2848 923 2899 primis
947 2849 986 2887 in
1007 2847 1224 2888 vocabulis
1243 2848 1514 2900 alloquuntur
1533 2848 1584 2900 (V.
1602 2850 1682 2888 725
1702 2846 1800 2899 ἆνερ

267 2928 301 2954 v.
340 2918 433 2954 748.
481 2918 561 2955 762
600 2917 788 2970 “Ἐκτορ);
836 2917 988 2958 deinde
1034 2925 1206 2971 questus
1240 2919 1293 2972 (v.
1331 2919 1579 2972 287—300)
1613 2916 1819 2959 Briseidis
