2028 3533
798 334 1088 371 -27-

285 449 428 490 Tertia
475 450 542 490 lex
594 448 751 502 (Wenn
800 448 865 488 die
912 448 1037 488 dritte
1086 447 1267 500 Hebung
1307 447 1583 487 Wortschluss
1635 447 1718 488 und

166 519 402 560 mannliche
439 504 579 560 'Casur
623 518 764 569 bildet,
811 532 855 559 so
903 518 997 558 darf
1042 519 1155 558 nicht
1201 518 1307 558 auch
1354 517 1421 557 die
1464 521 1499 559 5.
1533 517 1721 570 Hebung

166 589 440 631 Wortschluss
474 591 549 630 mit
582 589 841 629 mannlicher
870 588 1005 630 Casur
1036 588 1196 641 bilden)
1231 589 1361 628 multo
1395 589 1631 628 accuratius
1666 587 1718 628 ab

167 662 514 714 epigrammatum
554 661 688 713 poetis
731 658 978 699 observatur
1016 673 1139 712 quam
1181 660 1316 711 prima
1355 659 1581 711 alteraque,
1622 659 1719 711 quia

166 732 362 771 extremis
390 744 538 770 vocum
574 729 742 783 syllabis
776 731 860 770 ictu
895 730 1015 769 elatis
1049 743 1170 769 aures
1204 728 1439 769 laeduntur.
1494 728 1720 779 Leonidas,

165 800 326 852 Nossis,
367 800 661 852 Callimachus,
702 799 980 852 Asclepiades
1026 801 1140 853 (nam
1180 801 1220 839 in
1256 799 1353 839 XII
1384 802 1478 849 162,
1503 802 1525 838 3
1568 813 1718 839 nomen

165 872 379 924 proprium
427 871 607 925 legitur),
653 870 934 923 Poseidippus
980 871 1037 923 (in
1079 870 1131 911 A.
1157 869 1202 911 C.
1231 869 1307 910 ΠΙ
1338 872 1449 920 81,1
1495 870 1719 909 encliticon

164 959 197 982 τι
236 941 441 988 succedit,
482 956 564 994 quo
600 955 681 981 vox
718 942 758 980 in
796 940 945 993 pedem
985 940 1245 980 trochaicum
1282 939 1430 991 cadit),
1469 939 1724 991 Mnasalcas,

167 1010 362 1053 Simmias
420 1012 477 1065 (in
521 1012 610 1051 ΥΠ
647 1015 712 1061 60,
760 1014 778 1051 1
819 1028 860 1052 τε
907 1013 1111 1064 sequitur)
1160 1011 1261 1063 legis
1318 1024 1544 1063 numquam
1601 1009 1719 1049 obliti

166 1089 272 1124 sunt.
337 1080 473 1123 Semel
515 1089 675 1122 tantum
711 1081 904 1135 Hedylus
946 1088 1092 1122 contra
1131 1082 1239 1122 lianc
1279 1082 1411 1134 legem
1448 1087 1607 1134 peccat,
1647 1080 1722 1121 sed

167 1154 357 1193 consulto
399 1154 486 1193 sine
527 1152 672 1204 dubio,
719 1154 873 1205 quippe
914 1153 983 1205 qui
1025 1151 1196 1192 verbum
1241 1154 1410 1193 πάντων
1455 1165 1724 1204 quocumque

167 1223 293 1263 modo
326 1230 466 1276 potest
499 1223 645 1263 efferre
678 1223 875 1263 voluerit:
912 1223 1085 1283 (Athen.
1115 1222 1301 1276 486b,5)

451 1308 502 1359 ἣν
545 1305 645 1360 <σὺ>
693 1307 797 1346 σάου
829 1307 1002 1354 πάντως
1033 1307 1098 1354 ὡς
1128 1306 1198 1346 καὶ
1229 1307 1407 1347 πάντων

167 1399 324 1440 Nescio
359 1414 409 1439 an
444 1399 586 1453 Anyte
619 1401 659 1439 in
684 1399 775 1439 ΥΙΙ
801 1402 934 1451 649,1

448 1483 537 1522 ἀντί
565 1499 624 1523 τοι
657 1483 843 1535 εὗλεχέος
874 1483 1072 1536 θαλάμου
1106 1486 1272 1535 σεμνῶν
1304 1482 1564 1535 θ’ὗμεναί(ι)ν

166 1590 338 1616 numero
372 1577 487 1628 gravi
520 1590 751 1616 maerorem
793 1578 937 1616 matris
978 1579 1149 1629 pingere
1183 1577 1293 1618 velit.
1357 1576 1425 1630 (In
1451 1576 1543 1616 ΥΠ
1578 1579 1672 1627 538,
1700 1579 1722 1616 1

164 1646 334 1700 Anytae
357 1648 449 1686 voci
477 1652 551 1687 νῦν
581 1646 769 1687 succedit
798 1648 870 1697 ὸέ.)
911 1646 1173 1700 Theocritus,
1198 1662 1321 1700 quem
1346 1649 1385 1687 in
1411 1647 1564 1700 idylliis
1588 1647 1723 1699 legem

167 1718 376 1770 negligere
424 1717 617 1771 Meyerus
664 1717 788 1758 docet
833 1718 889 1771 (p.
925 1721 1019 1771 981,
1066 1719 1185 1772 995),
1230 1719 1270 1758 in
1317 1718 1376 1759 VI
1411 1721 1506 1770 340,
1541 1721 1564 1758 3
1609 1718 1724 1772 (13);

166 1788 257 1828 ΥΠ
286 1791 380 1839 658,
416 1793 431 1828 1
466 1789 576 1842 (15);
615 1788 687 1828 IX
717 1791 814 1838 437,
845 1791 916 1840 153
952 1789 1016 1829 VI
1045 1792 1139 1836 338,
1169 1792 1191 1829 3
1228 1789 1319 1843 (10)
1364 1789 1496 1841 legem
1538 1803 1619 1829 non
1660 1803 1725 1829 re-

167 1860 291 1911 spicit
323 1860 394 1910 (10
408 1858 491 1913 ⁰lo)·

285 1928 489 1982 Quartam
530 1930 662 1982 legem
710 1929 812 1979 (Am
853 1929 1051 1971 Sohlusse
1096 1930 1169 1971 des
1211 1934 1245 1973 1.
1279 1929 1725 1971 Pentameterstiickes

166 1999 258 2040 sind
288 2001 360 2040 wie
393 2001 448 2040 im
471 2000 734 2041 Hexameter
760 2002 835 2041 mit
867 2001 1127 2041 mannlicher
1151 2000 1286 2042 Casur
1316 2001 1548 2054 jambische
1574 2000 1726 2041 NVorte

166 2085 213 2110 zu
247 2070 425 2114 meiden.
458 2085 496 2123 p.
527 2073 627 2121 982)
662 2071 876 2112 Leonidas
910 2073 950 2112 in
986 2072 1050 2112 ΥΙ
1078 2075 1230 2122 131,4;
1262 2072 1352 2112 ΥΠ
1382 2074 1539 2121 163‚8;
1576 2074 1725 2122 266,2,

165 2144 262 2192 448,
281 2145 321 2191 23
356 2145 451 2193 449,
474 2145 517 2190 23
553 2144 762 2192 480.4,6;
799 2145 894 2194 503,
918 2147 961 2193 23
998 2146 1092 2194 656,
1114 2147 1158 2192 43
1192 2142 1262 2182 IX
1288 2145 1382 2194 316,
1400 2146 1435 2193 2,
1454 2145 1505 2183 10
1542 2143 1726 2195 negligit.

167 2210 251 2252 Sed
275 2213 372 2264 quia
396 2213 436 2251 in
457 2212 778 2266 V1131,4<2);
803 2213 893 2253 ΥΠ
915 2216 1009 2265 266,
1027 2217 1049 2253 2
1071 2215 1147 2266 (7),
1170 2216 1266 2264 480,
1286 2217 1308 2253 6
1330 2214 1434 2267 (32),
1459 2216 1553 2264 656,
1570 2216 1595 2252 4
1612 2215 1725 2267 (12);

165 2282 236 2323 IX
256 2285 352 2333 316,
369 2287 391 2323 2
410 2283 501 2336 (57)
517 2283 835 2336 monosyllabon
854 2284 1130 2337 (praepositio
1150 2285 1215 2324 vel
1234 2283 1478 2325 adverbium
1499 2284 1564 2324 vel
1587 2284 1727 2324 forma

166 2354 349 2398 articuli)
404 2362 623 2393 accentum
679 2369 758 2395 non
808 2354 967 2395 habens
1016 2369 1108 2395 cum
1159 2369 1260 2395 voce
1315 2354 1497 2395 iambica
1551 2356 1727 2395 coniun-

165 2423 346 2477 gendum
382 2431 460 2475 est,
501 2439 548 2464 ea
589 2425 667 2465 hoc
707 2425 832 2465 modo
874 2425 1025 2478 pedem
1065 2428 1383 2479 anapaesticum
1423 2425 1609 2479 praebet.
1673 2426 1725 2466 In

166 2494 258 2534 ΥΠ
281 2497 377 2545 449,
396 2498 418 2534 2
443 2495 532 2550 (37)
558 2509 706 2536 nomen
733 2497 960 2549 proprium,
989 2511 1070 2549 quo
1095 2497 1162 2537 lex
1185 2498 1360 2537 metrica
1383 2510 1549 2550 semper
1573 2497 1727 2549 negligi

167 2572 317 2618 potest,
340 2567 567 2617 invenitur;
597 2568 638 2606 in
659 2566 750 2606 ΥΠ
774 2570 869 2613 480,
888 2570 914 2606 4
939 2570 1028 2620 (32)
1053 2569 1144 2607 voci
1172 2567 1378 2608 iambicae
1402 2567 1723 2620 monosyllabon

167 2637 202 2675 τί
231 2623 465 2688 praeceditg
506 2636 720 2677 Leonidas
760 2639 887 2690 igitur
926 2652 1131 2690 nusquam
1172 2640 1211 2678 in
1253 2638 1342 2691 lege
1382 2645 1530 2691 peccat
1570 2639 1647 2678 nisi
1682 2639 1725 2677 in

169 2713 368 2758 quattuor
390 2706 578 2747 versibus
603 2709 876 2760 pentametris
899 2708 1008 2761 (ΥΠ
1035 2712 1128 2758 163,
1145 2713 1169 2749 8
1195 2710 1306 2762 (11);
1332 2709 1424 2749 ΥΠ
1448 2711 1545 2751 448,
1563 2712 1585 2748 2
1611 2710 1726 2763 (36);

168 2776 259 2816 ΥΠ
283 2780 378 2820 503,
402 2781 424 2816 2
455 2778 565 2831 (10);
606 2778 677 2818 IX
709 2781 880 2828 316,10
913 2779 1037 2833 (57)).
1114 2779 1219 2820 Cum
1261 2779 1544 2820 Callimachus
1592 2780 1724 2832 legem

169 2861 333 2900 semper
377 2847 571 2889 observet
617 2849 727 2903 (nam
775 2851 816 2889 in
865 2849 901 2889 Υ
928 2854 963 2901 6,
987 2854 1009 2890 2
1039 2853 1150 2904 (25);
1198 2850 1289 2890 ΥΠ
1314 2854 1455 2901 89,16
1484 2852 1545 2903 (1)
1592 2851 1725 2903 legem

169 2931 261 2957 cum
295 2919 458 2959 ratione
493 2919 725 2971 neglectam
761 2934 851 2959 esse
875 2920 1068 2973 Meyerus
1103 2922 1184 2960 iam
1220 2922 1444 2973 explicavit
1478 2921 1528 2962 cf.
1553 2935 1589 2973 p.
1613 2923 1729 2975 982),
